2716 4746
157 107 345 178 dubitantibus
361 111 548 201 aPhilippo
566 112 736 178 Acarnane
757 112 994 178 medicamento
1017 113 1111 198 graui
1130 111 1252 178 libera·

153 221 199 279 tm
218 239 286 282 esse
309 216 433 283 morbo.

210 319 249 384 Et
277 319 365 408 apud
392 319 568 385 Arriaunm
599 327 632 385 et
658 319 744 406 apud
774 319 984 385 Plutarchum
1014 319 1137 406 duplex
1160 325 1253 384 extat

147 425 295 488 memoria:
318 425 440 504 altera,
463 446 546 510 quae
570 430 654 489 teste
678 424 818 488 Arriano
842 423 883 487 ad
906 424 1133 488 Aristobulum
1155 444 1252 488 reuo-

146 525 225 590 canda
246 534 307 602 est,
330 526 556 592 Alexandrum
584 548 601 592 e
631 527 740 592 nimiis
772 527 916 613 corporis
945 526 1111 591 laboribus
1136 547 1252 611 aegro-

145 633 211 694 tasse
242 630 331 716 (Aur.
362 623 429 696 inb
459 625 608 714 καμάτου
630 625 788 718 ἐνόσησεν.
834 631 920 695 Plut.
943 625 1052 710 νόσον,
1075 620 1116 718 ἣν
1139 626 1170 694 oi
1193 627 1252 714 μὲν

144 728 169 795 ἐκ
183 729 312 800 ’νόσων
330 787 337 802 .
355 786 362 800 .
378 739 576 822 προςπεσεῖν
598 732 770 820 λέγουσιν),
800 737 903 800 altera
925 737 1124 801 lauationem
1155 735 1251 799 nimis

145 835 272 921 frigidam
287 861 421 904 causam
443 841 549 905 morbi
569 839 672 905 fuisse
694 839 802 919 tradit,
826 861 930 926 eaque
953 862 1051 905 causa
1074 841 1144 904 sola
1165 837 1252 924 apud
1271 837 1277 850 '

91 1002 93 1006 .
146 937 254 1007 Latinos
276 944 409 1029 legitur.
454 943 562 1008 Morbi
585 943 787 1009 sanationem
806 966 918 1009 omnes
936 944 1051 1009 eodem
1068 943 1137 1009 fere
1153 941 1250 1007 modo

91 1055 98 1092 ἰ
148 1053 251 1110 narrant
282 1053 317 1112 et
343 1048 455 1126 uerbis
478 1047 611 1133 quidem
633 1069 785 1132 magnam
808 1055 934 1135 partem
957 1047 1249 1129 consentientibus,

149 1145 192 1209 uisi
215 1148 297 1235 quod
327 1149 458 1214 Curtius
489 1172 593 1237 aeque
622 1158 720 1236 atque
751 1152 830 1216 alibi
859 1153 892 1216 in
919 1153 1030 1217 uerbis
1063 1151 1251 1216 effusiorem

150 1249 251 1319 affectat
272 1256 407 1321 cultum.

91 1348 105 1384 ⁷⁵
209 1379 233 1422 a.
255 1358 448 1424 Alexander
459 1364 553 1424 aestu
570 1359 737 1425 conlectus
754 1361 787 1424 iu
804 1359 961 1446 Cydnum,
979 1359 1118 1424 Tarsum
1135 1358 1250 1422 urbem

152 1459 258 1526 nediam
267 1464 520 1543 interfluentem,
531 1485 660 1528 amnem
673 1465 793 1528 clarum
803 1464 1020 1550 frigidumque
1034 1486 1068 1529 se
1082 1464 1251 1528 immersit.

91 1641 95 1653 ¹
207 1567 286 1631 nra
312 1562 450 1654 idoniare
472 1564 529 1632 nai
549 1563 691 1651 καύματι
707 1563 872 1652 ἐχόμενον·
897 1561 914 1633 ὁ
938 1566 974 1633 δὲ
987 1562 1115 1646 Κύδνος
1129 1571 1178 1653 ῥεῖ
1194 1562 1250 1632 διὰ

91 1674 117 1749 J
149 1662 218 1754 litae
237 1673 296 1760 τῆς
318 1665 523 1750 πόλεως...
549 1667 673 1759 ψυχρός
693 1670 730 1737 τέ
750 1671 820 1737 ἐστι
842 1670 899 1738 καὶ
921 1667 959 1738 τὸ
982 1667 1068 1759 ὕδωρ
1091 1667 1248 1754 καθαρός.

206 1775 303 1839 Plus.
325 1772 514 1861 λουσαμένῳ
537 1773 570 1839 ἐν
591 1776 639 1861 τῷ
660 1776 719 1840 τοῦ
739 1770 868 1841 Κύδνον
891 1771 1036 1862 ῥεύματι.

205 1877 296 1944 Iust.
320 1878 443 1965 Captus
471 1878 576 1964 Cydni
595 1880 738 1958 flaminis
760 1882 958 1946 amoenitate
970 1879 1011 1965 ¹),
1034 1900 1096 1960 μον
1117 1877 1250 1943 media-nn

146 1975 224 2044 urben
237 1983 407 2062 influentia,
423 1982 539 2069 plenus
555 1983 700 2063 patueris
719 2004 756 2048 ac
776 1983 901 2048 sartoris
923 1984 956 2047 in
978 1982 1210 2070 praefrigidam
1221 1981 1247 2069 ¹)

145 2080 237 2149 ludam
260 2107 295 2150 se
318 2086 467 2172 proiecit.

205 2187 309 2254 surr.
331 2188 474 2253 Mediam
497 2186 642 2275 (urbem)
664 2189 791 2272 Cydnus
813 2190 917 2254 amnis
938 2188 1093 2269 interfluit
1109 2237 1116 2251 .
1134 2238 1141 2252 .
1159 2237 1166 2252 .
1183 2187 1249 2252 dici

142 2280 371 2357 feruidissimum
410 2300 538 2382 tempus
580 2317 654 2360 esse
693 2304 857 2383 coeperat.
911 2294 1047 2360 Pnlncrc
1081 2295 1177 2359 simul
1210 2315 1247 2359 ac

91 2366 94 2469 i
140 2392 226 2460 stdorc
246 2398 415 2485 perfusum
439 2421 551 2485 regem
573 2401 726 2466 inuitauit
748 2402 851 2482 liquor
870 2400 1021 2479 straminis,
1043 2407 1081 2464 ut
1104 2399 1246 2464 calidum

138 2493 220 2565 adhue
243 2523 363 2588 corpus
385 2503 544 2569 ablueret.

201 2606 288 2671 Val.
312 2613 407 2673 aestu
430 2615 463 2672 et
485 2609 610 2674 itineris
633 2609 763 2675 feruore
794 2610 827 2674 in
859 2609 974 2674 Cilicia
996 2610 1245 2695 percalefactus,

137 2705 233 2791 Cydno,
256 2711 313 2793 qni
333 2733 434 2794 aquae
456 2714 575 2795 liqnonc
595 2714 789 2800 conspicuus
808 2714 930 2778 Tarson
948 2714 1110 2792 interfluit,
1127 2735 1245 2801 eorpus

132 2832 209 2880 suum
231 2818 401 2882 immersit.

200 2920 282 2986 Tres
312 2921 411 3006 igitur
439 2931 591 2987 auctores
620 2921 730 2986 Latini
760 2921 809 3001 id,
839 2920 926 3006 quod
955 2920 1042 3007 apud
1068 2920 1244 2984 Arrianum

126 3019 233 3109 legitur
265 3027 315 3110 ῥεῖ
342 3019 398 3088 διὰ
430 3022 531 3111 μέσης
557 3024 617 3112 τῆς
644 3019 772 3103 πόλεως
794 3023 899 3089 isdem
921 3024 1033 3089 uerbis
1057 3023 1244 3109 exprimunt

124 3124 260 3214 Cydnum
282 3150 411 3193 amnem
426 3129 552 3193 Tarson
568 3130 683 3194 urbem
706 3128 943 3205 interfluxisse3
965 3128 1132 3212 uulgatam
1156 3128 1243 3192 enim

119 3229 228 3297 lustini
255 3233 431 3297 lectionem
459 3232 622 3310 influentis
643 3253 704 3313 μον
731 3233 864 3297 tolerari
891 3253 956 3296 non
987 3253 1084 3318 posse
1113 3232 1242 3318 opinor:

118 3336 272 3423 siquidem
299 3336 391 3401 uocis
420 3335 551 3415 inflacio
581 3332 640 3416 per
657 3385 665 3400 .
683 3385 690 3400 .
708 3336 796 3402 idem
818 3343 916 3420 atquc
939 3336 1118 3414 interstincta
1141 3336 1242 3421 sigui-

115 3441 238 3506 fioantis
262 3441 400 3505 alterum
424 3441 611 3527 exemplum
633 3440 754 3505 frustra
774 3440 932 3525 quaesiui.
978 3439 1086 3513 Quare
1110 3441 1242 3504 restitu-

114 3545 232 3610 endum
255 3566 330 3610 esse
352 3543 486 3608 mediam
507 3544 613 3608 nubam
636 3545 844 3624 interfluentis
867 3543 1071 3608 subnascitur
1088 3544 1241 3629 suspicio.

182 3772 202 3837 ¹)
223 3769 256 3823 cf.
269 3768 344 3822 Curt.
358 3767 406 3832 HI,
418 3768 443 3830 4,
457 3767 486 3820 9:
506 3767 638 3835 (Cydnus)
657 3768 870 3836 friaidissinrna,
890 3767 994 3836 quippe
1011 3766 1100 3818 multa
1118 3764 1239 3835 riparum

108 3854 274 3912 anroenitate
291 3852 473 3905 inumbratus.
