2716 4746
642 327 858 387 „52-

177 515 327 579 mistocle
365 513 504 579 Xerxen
537 513 580 578 ad
618 536 762 600 pugnam
796 514 1008 579 Salaminum
1047 514 1292 581 committendam
1350 541 1352 581 t

179 620 369 705 impellente
392 640 411 682 e
434 617 543 704 Trogi
566 619 702 684 fluxisse
725 621 800 684 coil.
822 619 906 686 lust.
926 618 974 683 II.
999 622 1051 685 tr.
1073 624 1115 685 19
1137 620 1293 688 ωυίειιᾶἰ1

177 722 294 808 Neque
325 744 406 787 uero
434 723 539 788 uerba
568 722 651 787 adeo
685 725 911 789 consentiunt.
941 742 979 787 ut
1006 734 1139 789 eertum
1159 725 1295 790 iudicium

178 849 362 914 proponere
385 828 507 891 ausim:
538 850 591 892 res
621 844 754 912 gestae.
789 849 872 914 quus
894 844 1034 913 uterque
1055 836 1178 894 auctor
1194 836 1296 910 narrat,

177 931 264 995 bene
293 933 379 996 inter
405 952 441 996 se
470 950 665 1017 congruunt.
695 969 738 979 -
767 930 895 995 Eodem
924 931 995 996 fere
1022 931 1121 997 modo
1150 955 1190 999 se
1214 932 1299 998 hebet

179 1034 291 1100 Front.
323 1034 350 1100 Ι.
378 1040 405 1099 1.
433 1039 470 1099 lo
500 1034 541 1099 de
568 1034 792 1100 Themistocle
820 1034 1105 1100 lacedaemonios
1138 1035 1184 1103 de
1213 1035 1298 1101 muris

179 1138 437 1204 Atheniensibus
459 1138 595 1204 fallente
617 1139 692 1203 coll.
713 1138 797 1203 lust.
812 1136 858 1205 II.
877 1142 969 1205 15.1.
1011 1139 1191 1205 Eumne
1202 1139 1298 1227 (pagg

184 1248 222 1306 15
245 1258 279 1309 et
295 1244 345 1327 li,¹
376 1259 509 1307 auctore
531 1242 708 1307 frontinus
736 1242 839 1327 Trogi
866 1243 1030 1307 asseclam
1056 1265 1100 1308 eo
1128 1266 1168 1309 se
1196 1243 1300 1331 prodit,

180 1344 266 1433 qnod
302 1344 388 1433 apud
420 1363 571 1410 auctores
606 1345 743 1411 latinos
776 1347 864 1410 solos
898 1347 1020 1432 legitur
1055 1347 1301 1413 Themistoclem

181 1452 334 1515 sirnniato
367 1450 481 1516 morbo
515 1466 645 1538 tempus
676 1453 865 1516 extraxisse
897 1472 937 1516 ae
965 1468 1036 1515 tum
1066 1452 1301 1539 magistratibus

182 1558 353 1638 scripsisse.
388 1592 430 1602 -
461 1555 573 1621 Front.
607 1555 732 1637 L3‚6
759 1577 778 1620 e
806 1555 917 1642 Trogo
948 1557 1087 1622 fluxisse
1122 1556 1301 1623 Bumunnus

180 1683 255 1749 pag.
278 1666 316 1727 21
342 1670 457 1727 censet
479 1661 570 1725 nulla
591 1659 724 1747 quidem
745 1682 846 1725 causa
867 1661 1011 1748 proluts:

395 1797 508 1863 Front
904 1797 988 1862 Iust.
1001 1798 1049 1877 [L
1069 1801 1120 1881 12
1135 1803 1186 1864 16.

182 1919 453 2004 (Themistocles)
471 1923 581 1985 nudor
590 1917 660 2004 fnit
680 1920 727 1983 cis
769 1917 906 1982 Pratum
914 1918 1302 2005 eonsdioi'l'hemistoelis)

183 2023 474 2109 (Atheniensibus)
485 2022 599 2089 tataros
615 2027 728 2086 cicon-
769 2022 1107 2105 misceremus
1128 2024 1304 2112 eumpreti·

183 2128 269 2211 iuncs
290 2128 323 2192 in
337 2126 509 2193 Troezena
529 2136 563 2192 et
587 2127 620 2189 iu
643 2126 726 2189 alias
770 2127 929 2191 osissimis
941 2126 1041 2191 rebus
1058 2127 1182 2192 abditis
1199 2127 1304 2193 insulis

182 2232 281 2298 urbes
303 2229 549 2296 amandandi
562 2228 728 2310 relictoque
769 2229 880 2294 relicto
928 2229 1004 2293 urhe
1051 2230 1305 2306 demandant3

183 2336 296 2417 clmido
316 2339 434 2400 statum
454 2333 528 2398 oens
547 2331 593 2397 ad
611 2332 730 2398 nancte
772 2333 834 2414 ipsi
854 2335 1084 2399 mncecmnti
1100 2335 1306 2402 conscendam.

182 2440 341 2520 proelium
362 2435 590 2523 ncnfferntdi.
1350 2446 1352 2451 ·

268 2558 451 2646 Praecipue
473 2556 618 2623 notanda
639 2557 717 2621 mihi
740 2556 895 2622 uidentur
912 2580 987 2624 esse
1002 2559 1107 2624 uerba
1120 2559 1311 2626 amandandi

185 2672 219 2730 et
239 2662 446 2742 (nonedam,
481 2684 580 2748 quae,
612 2682 808 2747 quamquam
839 2662 935 2748 plene
966 2661 1099 2728 diuersa
1121 2665 1312 2751 significatio

186 2775 248 2849 cst,
271 2788 474 2833 communem
495 2765 621 2831 fontem
642 2765 797 2830 Latinum
819 2765 975 2831 indicant
1012 2767 1094 2832 Utro
1113 2768 1219 2834 uerbo
1240 2792 1314 2836 usus

186 2872 229 2937 sit
240 2870 380 2958 Trogus,
400 2892 442 2936 an
464 2870 604 2935 fortasse
623 2869 763 2935 uerbum
779 2871 920 2958 simplex
934 2870 1086 2936 nrundnrc
1098 2874 1317 2960 usurpauerit‚

186 2982 332 3043 statuere
353 2996 418 3040 non
441 2995 627 3062 possumus.
678 2973 773 3049 Quod
796 2974 942 3040 lustinus
969 2998 1028 3063 pro
1053 2975 1212 3043 Trocscna
1233 2983 1266 3044 ct
1285 2980 1320 3043 in

186 3080 270 3147 citici
291 3078 384 3145 urbes
406 3080 536 3167 scripsit
557 3078 674 3144 abditis
695 3079 828 3159 insulis,
859 3079 894 3143 id
915 3079 957 3144 ad
978 3079 1152 3146 breuitatis
1175 3082 1321 3149 studium

190 3183 410 3252 reuocandum
432 3183 564 3250 uidetur
586 3204 671 3250 esso.

271 3304 388 3391 Neque
422 3323 502 3370 uero
535 3322 608 3368 cum
640 3300 813 3367 Eumsnno
847 3303 1033 3385 consentio,
1067 3303 1123 3389 qui
1152 3303 1240 3391 (pag.
1266 3306 1324 3394 24)

188 3408 382 3477 Frontinum
403 3407 430 3491 1,
449 3410 530 3491 11‚7
554 3428 597 3473 ex
619 3407 727 3493 Trogo
752 3428 812 3472 sus
833 3408 984 3473 hausisse
1007 3413 1109 3494 putet.
1143 3408 1325 3476 Frontinus

187 3514 274 3582 onim
297 3512 397 3580 tradit
417 3511 656 3600 Leotychidem
680 3518 756 3577 ento
778 3534 921 3599 pugnem
948 3511 1036 3598 apud
1056 3512 1210 3598 Mycalen
1233 3535 1327 3580 com·

187 3619 320 3686 missam
344 3616 490 3701 quamuis
511 3615 660 3699 mnarum
680 3618 768 3680 actas
789 3617 846 3695 rei,
867 3615 1048 3697 oncense
1066 3616 1249 3682 nnmmtcm
1263 3618 1329 3684 sihi

189 3722 355 3792 sidoniam
370 3721 524 3804 perdum,
547 3740 607 3802 quo
623 3720 847 3786 constantiores
857 3719 1048 3801 animiam
1063 3720 1177 3786 milites
1188 3720 1327 3791 hohern.

190 3826 314 3895 Ocntre
336 3824 422 3912 apud
445 3822 607 3889 Iustinum
631 3822 676 3906 ΙΙ,
701 3826 751 3903 14,
775 3825 794 3888 8
816 3842 934 3889 reuera
953 3822 1074 3902 sanmm
1095 3822 1139 3887 ad
1158 3827 1328 3908 utrumqne

188 3930 357 3998 exercitent
378 3928 501 3994 nctnssc
522 3927 673 4014 legimus.
718 3927 832 3993 Verba
862 3932 988 4005 autem,
1022 3947 1105 4012 quac
1129 3935 1326 4014 sequuntur:

192 4036 316 4102 tantem
334 4032 442 4119 sirmas
463 4032 656 4098 uelocitatem
673 4031 775 4117 fnisse
799 4038 859 4099 eet.
884 4051 949 4095 non
972 4030 1110 4113 Iustino,
1135 4033 1193 4097 sed
1214 4033 1327 4121 Trogo

188 4138 364 4212 tribuendo
397 4143 481 4204 sunt.
543 4136 627 4201 Nem
663 4135 696 4200 in
731 4159 770 4202 ea
803 4159 837 4202 re
873 4135 1032 4221 imprimis
1061 4136 1223 4202 errauisse
1255 4137 1326 4203 En-

190 4266 342 4314 mnmmm
387 4264 521 4324 consec,
570 4239 657 4327 quod
697 4240 859 4305 Iustinum
897 4237 989 4303 libris
1024 4239 1195 4325 Trogicnis
1237 4240 1327 4307 haud
