2716 4746
170 107 320 194 exceptis
335 106 470 173 Valerio
505 114 539 173 et
570 108 714 191 Iustino,
754 111 811 195 qui
845 108 1001 174 breuitati
1033 131 1133 195 quam
1166 111 1305 177 maxime

171 209 305 276 studens
328 210 491 299 duplicem
514 212 676 278 Leonnati
699 221 733 280 et
755 214 937 279 Alexandri
964 235 1037 278 oum
1061 215 1204 301 captiuis
1226 237 1295 280 con·
1351 292 1354 309 Ι

170 336 320 400 gressum
342 337 514 403 perperam
548 318 582 381 iu
608 339 708 382 unum
732 320 905 384 contraxit.
950 317 1062 383 Verba
1084 327 1195 383 autem
1218 319 1292 405 apud
1351 320 1354 349 ²

173 420 350 505 scriptores
373 419 509 484 Latinos
532 419 689 485 aduersus
707 420 852 486 Graecos
875 423 923 486 ita
944 422 1165 501 consentiunt,
1187 429 1222 486 ut
1243 443 1287 487 eos

172 522 312 586 cundem
336 522 459 586 fontem
482 523 636 588 Latinum
658 524 780 589 adiisse
803 526 1012 591 statuendum
1036 527 1094 589 sit:

407 661 489 726 Iust.
995 663 1085 728 cort.

170 764 337 846 conspectis
358 766 493 828 armetis
514 765 655 832 inuicem
680 787 715 831 se
766 769 803 829 at
839 771 977 831 arctatos
1009 786 1209 846 conspexere,
1241 763 1290 829 rati

172 869 356 955 amplexae.
767 875 875 933 actum
897 891 971 934 esse
995 869 1036 934 de
1059 868 1210 935 dominis.

172 972 361 1036 Prouelatze
411 970 528 1037 deinde
550 972 712 1067 ¹genibus
764 971 880 1056 Itaque
903 979 1007 1038 mater
1035 980 1069 1037 et
1092 974 1212 1037 coniux
1230 989 1293 1053 pro·

173 1074 353 1140 Alexandri
370 1066 443 1139 ,non
469 1083 617 1157 mortem,
643 1075 712 1153 sed,
764 1074 888 1139 aelatae
901 1075 942 1139 ad
957 1075 1059 1163 pedes
1075 1097 1170 1140 orare
1188 1096 1296 1161 coepe·
1352 1068 1354 1073 ’

172 1179 248 1243 dum
270 1179 372 1244 Darei
395 1200 513 1265 corpus
542 1179 712 1266 sepeliant,
764 1183 849 1254 runt,
865 1186 912 1260 ut,
935 1181 1123 1267 priusquam
1144 1180 1303 1244 interfice·

173 1284 363 1349 dilationem
392 1283 505 1345 mortis
534 1282 713 1368 deprecan-
764 1288 893 1362 rentur,
930 1282 1033 1348 Darei
1071 1304 1189 1371 corpus
1227 1283 1310 1369 ipsis

173 1395 234 1452 tur.
279 1395 283 1404 '
765 1386 870 1472 patrio
893 1407 983 1452 more
1008 1388 1147 1473 sepelire
1171 1386 1314 1474 permit³

765 1494 865 1553 teret:
912 1489 1040 1554 functas
1079 1511 1232 1576 supremo
1275 1489 1328 1552 iu

764 1614 876 1677 regem
917 1593 1024 1659 officio
1062 1595 1193 1680 inpigre
1232 1610 1322 1659 sese

764 1698 947 1762 morituras.

173 1806 283 1872 Motus
307 1811 398 1871 tanta
420 1803 586 1868 naal-ieram
601 1803 716 1882 pictate
769 1803 802 1864 6:
826 1800 1016 1866 Alexander
1038 1802 1188 1866 fortunae
1205 1792 1337 1866 Darei

173 1909 362 1974 Alexander
386 1957 393 1971 .
420 1957 427 1971 .
452 1959 460 1974 .
768 1910 801 1968 et
816 1905 933 1984 pietati
955 1926 1062 1970 aarum
1085 1907 1341 1969 inlacrimasse

767 2007 880 2075 fertur.

261 2114 412 2179 Oonlemi
439 2113 537 2179 etiarn
561 2112 642 2175 haec
665 2118 816 2196 possunt:

175 2223 204 2284 ct
238 2217 381 2283 Dareum
415 2218 523 2282 actaeae
565 2215 649 2280 dixit
686 2221 719 2279 et
774 2218 826 2279 12:
850 2219 878 2278 et
892 2215 1000 2279 uiuere
1014 2213 1156 2278 Dareum
1172 2220 1206 2278 et
1221 2215 1330 2300 ipsa&

174 2322 365 2387 timentibus
422 2322 535 2386 mortis
595 2324 717 2383 metum
771 2339 834 2382 non
876 2318 1055 2384 incolumes
1103 2317 1214 2399 modo,
1253 2315 1325 2383 sed

175 2425 318 2513 dempsit
341 2446 463 2509 casque
494 2431 526 2488 et
548 2423 662 2487 haberi
684 2428 717 2487 et
770 2422 868 2485 otiam
884 2429 1042 2510 apparatu
1063 2421 1221 2508 pristinae
1244 2422 1318 2485 for-

178 2530 312 2596 salutari
325 2529 350 2614 ¹)
374 2535 410 2592 ut
432 2529 559 2610 repleas
580 2546 716 2612 praece·
769 2533 868 2591 tunae
890 2527 1017 2608 rapinas
1038 2527 1118 2591 lore.
1225 2536 1226 2541 ’

173 2635 231 2721 pit.

408 2734 482 2799 Val.
995 2731 1082 2796 Ourt.

173 2857 383 2922 recusationis
400 2855 504 2922 uerba
524 2854 713 2940 quaerebat.
766 2853 1002 2939 ignorationem
1019 2872 1195 2935 numquam
1212 2860 1311 2918 antea

765 2957 829 3022 uisi
852 2957 941 3042 regis
964 2973 1125 3043 cacascaa

222 3064 295 3128 coll.
406 3062 503 3129 Diod.
717 3068 750 3126 et
982 3059 1056 3125 Arr.

173 3163 425 3234 αἰδεσθεῖσα
473 3163 533 3256 τὴν
580 3159 713 3252 ἄγνοιαν
765 3160 823 3254 τὴν
862 3161 921 3248 μὲν
961 3160 1310 3240 καταιδεσθεῖσαν

174 3265 275 3337 πάλιν
298 3267 333 3352 ἐξ
356 3265 456 3360 ἀρχῆς
478 3265 673 3358 προςααύνει.
764 3271 804 3358 τῇ
826 3263 1006 3353 διαμαρτίᾳ
1029 3259 1221 3348 ὑποχωρεῖν.

259 3491 291 3562 3.
320 3491 437 3578 Tyrios
456 3491 642 3558 Alexandro
657 3509 809 3555 coronam
825 3505 957 3549 auream
980 3483 1110 3548 misisse
1133 3484 1175 3548 ab
1199 3505 1305 3572 eoque

172 3598 321 3685 petiisse,
343 3603 380 3660 ut
401 3596 608 3682 Palaetyri
633 3593 838 3670 sacrificaret,
861 3588 1005 3652 Iustinus
1029 3594 1062 3652 et
1086 3587 1219 3653 Curtius
1245 3592 1308 3655 soli

172 3706 275 3766 testes
301 3705 393 3764 sunt:

173 3815 379 3825 ›a———-——-——

244 3874 263 3941 1)
274 3872 314 3933 ct.
333 3869 432 3933 Ruehl,
451 3868 661 3936 textesquellen,
680 3886 707 3936 p.
724 3867 766 3921 95.
