2716 4746
567 298 693 397 ...'36
737 367 780 382 .-

110 518 217 589 Tauro
246 527 355 588 autem
386 521 450 586 fine
473 528 604 609 praeter
620 521 790 589 Valerium
816 544 912 589 nemo
933 522 1099 610 loquitur3
1128 524 1204 611 itaqu

110 648 169 692 nos
192 649 257 692 non
278 628 416 692 multum
436 648 456 691 a
477 648 557 692 uero
580 627 754 694 abhorrere
777 633 941 715 putamus,
971 629 1000 692 si
1034 630 1087 696 hio
1110 651 1204 717 quoqu

109 752 253 796 errorem
265 730 391 796 Valerii
412 730 668 817 deprehendisse
691 731 785 797 nobis
806 731 955 797 uidemur
966 731 1004 818 1).

195 835 235 899 Id
257 833 342 920 quod
353 834 506 899 Valerius
529 843 562 899 et
578 834 773 900 Plutarchus
790 836 966 901 memoriae
983 836 1136 923 produnt,
1149 857 1204 923 apua

109 938 289 1004 Diodorum
311 938 473 1003 Iustinum
497 937 645 1003 Curtium
672 939 829 1024 legationi
858 941 991 1022 tertiae,
1016 942 1103 1029 apud
1124 940 1204 1006 Arria

110 1066 187 1109 num
217 1042 381 1108 secundae
409 1041 595 1129 respondet.
645 1041 689 1106 Et
718 1043 863 1107 Iustinus
892 1049 925 1108 et
947 1042 1082 1109 Curtius
1104 1044 1204 1130 trigint

110 1147 242 1212 milibus
277 1147 453 1225 talentum,
486 1144 650 1210 Diodorus
686 1146 791 1211 tribus
826 1145 976 1228 milibus,
997 1147 1204 1214 ¹Arrianusa

109 1250 303 1315 Plutarchus
326 1249 440 1315 decern
463 1250 594 1314 milibus
609 1249 754 1315 Dareum
776 1250 912 1314 feminas
935 1258 1050 1337 captas
1075 1252 1204 1318 redimar

110 1353 275 1418 studuisse
299 1351 439 1417 tradunt.
483 1351 535 1416 De
545 1351 679 1417 Valerio
703 1351 743 1416 cf.
758 1351 944 1440 Kempfium
967 1354 988 1420 l.
1014 1375 1042 1418 e.
1065 1376 1097 1440 p.
1113 1356 1151 1418 26
1171 1367 1204 1417 ael

195 1456 304 1521 Prima
336 1455 469 1520 Arriani
504 1455 627 1541 legatio
668 1457 798 1520 omniuo
833 1456 915 1520 nulli
953 1456 1009 1520 alii
1043 1455 1204 1544 respondet

109 1559 238 1625 Dareus
262 1582 297 1624 se
320 1560 460 1624 amioum
482 1565 516 1624 et
534 1559 657 1624 socium
678 1556 860 1624 Alexandri
875 1559 1020 1625 futurum
1043 1583 1118 1626 esse
1140 1559 1204 1648 pelli

110 1672 220 1746 cetur,
249 1666 277 1729 si
305 1666 452 1752 captiuas
480 1664 681 1730 liberauerit.
735 1663 801 1729 Sed
824 1664 894 1730 scre
917 1673 1070 1733 accurate
1093 1667 1204 1732 inters

112 1769 319 1834 consentiunt
329 1767 357 1852 ²)
380 1767 466 1854 apud
478 1765 652 1831 Arrianum
671 1771 705 1830 et
723 1765 869 1832 Curtium
884 1789 933 1850 ea,
953 1789 1035 1853 quac
1048 1767 1204 1834 Alexandr

111 1873 221 1938 Dareo
236 1871 424 1959 respondet.
457 1871 508 1935 De
520 1870 669 1935 Marathe
683 1891 822 1955 quoque,
834 1871 867 1936 in
878 1893 941 1956 qua
953 1873 1034 1937 urbe
1048 1873 1204 1938 Alexand

111 1977 214 2043 Darei
236 1978 362 2041 litteras
386 1976 523 2061 accepit,
547 1973 678 2039 Curtius
702 1979 735 2038 et
756 1974 915 2040 Arrianus
938 1976 1159 2043 consentiunt.

194 2079 246 2144 De
270 2078 408 2163 singulis
431 2076 580 2164 epistulis
603 2076 685 2140 haec
707 2075 851 2140 notanda
873 2082 966 2140 sunt:

199 2189 226 2248 1.
251 2182 325 2268 a.³).
370 2181 499 2261 Diod,
523 2180 637 2261 Cart,
660 2179 773 2247 Iust.:
803 2179 933 2245 Dareus
954 2201 1108 2266 magnam
1130 2204 1204 2269 neqr

110 2309 189 2352 uero
218 2293 306 2352 certo
338 2287 548 2351 constitutam
576 2285 749 2373 pecuniam
780 2286 885 2351 offert.
929 2284 1095 2350 Diodorus
1126 2293 1204 2354 cont

109 2389 271 2456 Iustinum
294 2390 507 2476 Curtiumque
530 2396 651 2454 terram
673 2410 777 2474 usque
800 2388 842 2454 ad
863 2388 975 2475 Halyn
996 2388 1098 2454 addit.

195 2495 229 2560 b.
252 2495 365 2559 Iust.:
388 2493 579 2560 Alexander
601 2500 707 2559 totum
728 2492 903 2558 Persarum
925 2513 1062 2578 regnum
1084 2497 1204 2580 postula

110 2597 248 2662 Diod:
281 2597 471 2663 Alexander
503 2596 712 2662 condiciones
747 2618 782 2661 se
817 2618 916 2683 posse
949 2596 1100 2682 accipere
1127 2619 1204 2689 nega

110 2701 162 2768 De
186 2701 322 2768 Ourtio
347 2724 445 2789 supra
469 2703 605 2787 egimus.

197 2812 226 2872 2.
250 2829 278 2872 a.
324 2807 427 2872 Ourt.
457 2813 491 2872 et
518 2805 651 2870 Diod:
686 2805 816 2871 Dareus
843 2807 960 2871 uictori
988 2813 1110 2872 terram
1132 2831 1204 2896 usqi

1 2909 2 2912 ’
110 2910 152 2976 ad
186 2909 298 2996 Halyn
334 2910 496 2997 promittit
529 2931 565 2974 se
600 2931 673 2976 csse
710 2931 954 2988 concessurum3
987 2911 1098 2976 Iust.:
1145 2936 1204 3002 reg

110 3016 303 3101 portionem.
350 3014 530 3080 Praeterea
551 3014 648 3078 Iust.
672 3019 706 3078 et
729 3012 833 3079 Curt.
857 3015 1114 3080 consentientes:
1138 3018 1204 3084 filia

110 3119 145 3183 in
177 3117 417 3183 matrimonium
449 3117 641 3184 ducendam.
697 3116 815 3181 Diod.
853 3118 917 3184 duo
950 3119 1042 3184 milia
1077 3121 1204 3186 talentu

110 3220 225 3304 adicit,
252 3221 292 3286 de
322 3221 439 3307 quibus
469 3243 576 3306 neque
599 3221 730 3286 Curtius
758 3241 863 3305 neque
892 3220 1037 3288 Iustinus
1065 3208 1204 3312 quicqua

110 3325 241 3391 habent.
792 3396 795 3400 ,

194 3429 227 3494 b.
249 3428 378 3494 Diod:
406 3428 598 3494 Alexander
619 3428 865 3495 condicionibus
896 3430 1072 3517 propositis
1095 3452 1162 3496 non
1186 3455 1204 3499 e

111 3540 292 3600 contentus.
348 3534 535 3599 Iustinus
565 3540 675 3600 autem
698 3545 731 3623 et
760 3534 928 3600 Curtius
955 3536 1056 3600 artius
1086 3537 1174 3603 inter
1202 3568 1204 3602 ι

111 3636 302 3703 cohaerent:

181 3844 202 3910 ¹)
220 3842 254 3899 cf.
273 3859 345 3910 quae
363 3843 504 3913 Kampfius
522 3844 558 3898 nd
575 3843 650 3899 hunc
666 3845 758 3899 locum
775 3843 923 3899 adnotauit
939 3863 965 3914 p.
984 3844 1044 3898 497.

180 3934 201 3999 ²)
220 3931 428 3985 Petersdorffius
449 3931 609 3995 »Diodorus
627 3932 746 3996 Curtius,
765 3931 897 3985 Arrianus
907 3931 1008 4000 quihus
1017 3949 1051 3986 ex
1061 3931 1203 3988 fontibus.

110 4016 269 4070 hauserint«
293 4016 403 4071 Gadani
421 4018 496 4082 1870,
514 4036 578 4088 pag.
599 4020 642 4083 17,
660 4019 738 4072 nulla
756 4017 894 4088 probabili
913 4036 996 4072 eausa
1013 4017 1050 4072 ad
1067 4036 1148 4072 suum
1165 4019 1204 4073 arl

110 4101 196 4155 trium
213 4101 299 4155 uerba
317 4101 450 4156 Curtiana
468 4100 612 4171 disposuit.

181 4189 202 4256 ⁸)
220 4189 357 4242 Numerus
375 4187 525 4257 primarius
549 4192 599 4243 cet.
619 4189 722 4258 primas
740 4190 791 4242 cet.
810 4188 919 4243 litteras
937 4189 1077 4257 designat;
1101 4189 1204 4243 litteris

110 4277 139 4328 et
156 4274 173 4326 b
192 4274 328 4344 epistulae
347 4274 428 4328 Darei
447 4277 476 4327 et
493 4276 643 4330 Alexandri
663 4275 864 4331 discernuntur.
