2716 4746
480 448 565 536 1³0¹)
587 458 677 513 Iulio
699 457 875 514 Frontino.
938 433 939 438 ἵ

206 590 292 654 Inter
314 595 464 654 auctores
490 589 638 655 Frontini
666 590 809 675 Trogum
836 589 1030 677 Pompeium
1053 591 1242 657 habendum

141 711 196 757 esse
218 694 364 758 homines
390 692 501 757 doctos
529 694 660 758 minime
685 694 788 760 latuit.
832 693 902 758 Nec
935 701 1044 759 tamen
1072 697 1244 779 quisquam

136 805 270 881 quantum
293 799 360 862 scio
384 799 566 862 accuratius
590 800 623 862 in
646 820 718 862 earn
741 821 810 863 rem
833 800 1012 884 inquisiuit.

202 903 251 967 Ac
273 903 414 989 primum
437 902 568 987 quidem
585 902 624 966 de
640 904 883 968 narratiuncula
899 926 1041 990 agamas,
1061 927 1157 990 quam
1180 906 1244 971 nisi

128 1005 203 1090 apud
225 1005 388 1070 Iustinum
411 1013 444 1070 et
465 1006 658 1071 Frontinum
681 1029 745 1071 non
768 1007 844 1092 legi.

204 1135 235 1201 1.
258 1134 370 1199 Front.
386 1133 413 1213 I,
432 1139 461 1215 2,
478 1136 507 1199 3.
854 1136 935 1201 lust.
955 1085 1048 1218 XXI,
1066 1141 1096 1206 6.

122 1253 393 1337 Carthaginienses
415 1277 486 1319 curn
508 1256 652 1320 animad-
705 1256 796 1320 Inter
842 1257 923 1322 haec
970 1257 1244 1341 Carthaginienses

118 1359 294 1422 uertissent
317 1356 498 1423 Alexandri
521 1360 567 1423 ita
587 1381 654 1424 ma·
706 1367 795 1424 tanto
833 1382 987 1425 successu
1022 1383 1130 1426 rerum
1164 1363 1243 1428 Alc-

115 1483 198 1546 gnas
221 1484 311 1549 opes,
334 1465 370 1524 at
384 1460 517 1546 Africae
536 1484 653 1545 qaoque
705 1464 822 1528 xandri
832 1464 943 1550 Magni
956 1467 1115 1546 exterriti,
1126 1487 1243 1532 ueren-

114 1566 305 1642 immineret,
328 1586 426 1628 unum
450 1587 493 1630 ex
515 1567 651 1650 ciuibus,
705 1575 767 1650 tes,
782 1588 821 1632 me
843 1567 970 1632 Persico
992 1588 1085 1650 mmm
1106 1573 1136 1632 et
1150 1569 1245 1655 Afri-

112 1671 222 1733 miram
251 1689 351 1733 acrem
378 1671 501 1734 momine
528 1669 654 1736 Hamil·
705 1692 774 1735 cmm
810 1671 903 1735 uellet
939 1671 1126 1754 adiungere,
1168 1676 1243 1739 mit·

112 1793 218 1836 eorem
238 1771 447 1851 mmmmm,
490 1774 654 1838 iusserunt
706 1782 778 1840 tunt
821 1774 862 1838 ad
911 1774 1127 1860 speculandos
1173 1779 1243 1842 eius

112 1877 262 1941 simulato
282 1876 394 1940 exsilio
415 1878 462 1941 ire
480 1876 521 1941 ad
542 1899 654 1962 regern
706 1880 831 1943 animos
883 1878 1074 1942 Amilecrem
1138 1901 1244 1963 copae·-

113 1981 269 2064 omniquc
293 1980 400 2046 studio
423 1982 457 2045 in
480 1982 653 2047 amicitiam
705 1987 805 2047 locato
831 1981 1015 2060 Rodanum,
1048 1983 1155 2047 mirum
1185 1985 1244 2048 sol·

112 2087 187 2150 eius
198 2085 388 2170 peruenire:
406 2107 469 2171 qua
480 2087 508 2150 is
521 2088 653 2173 potitus,
706 2087 797 2150 lertio
845 2085 1061 2171 facundiaque
1114 2094 1245 2173 praeter

111 2188 247 2253 coasilia
270 2189 339 2252 eius
359 2193 434 2252 mota
456 2189 656 2253 cimibmssmis
706 2197 832 2255 ceteros
856 2191 1016 2275 insignem
1041 2239 1048 2253 .
1073 2241 1080 2256 .
1105 2240 1113 2257 .
1136 2190 1243 2275 Igitur

106 2291 260 2377 faciebat.
705 2293 1244 2378 AmilcarperParmenionaaditu

706 2399 793 2483 regis
834 2397 967 2462 obtento
997 2395 1177 2482 profugisse
1213 2418 1245 2460 se

705 2501 748 2564 ad
789 2521 889 2584 sepem
932 2501 1095 2582 expulsam
1133 2501 1244 2580 patria

702 2606 796 2688 [tmpit
828 2604 1028 2688 militemque
1067 2625 1102 2668 se
1143 2625 1244 2690 expe-

705 2709 836 2773 ditionis
876 2708 979 2771 cffert.
1045 2707 1153 2791 Atque
1198 2707 1244 2770 ita

705 2814 844 2878 consiliis
873 2814 943 2878 eius
973 2812 1153 2897 exploratis

704 2917 825 2980 ciuitas
865 2918 932 2980 sois
971 2915 1076 2978 omn-io
1106 2914 1244 2993 perscri-

704 3021 798 3085 bcbot.

193 3124 300 3200 ‘Quod
315 3125 513 3190 Hamilcaris
530 3146 713 3211 cognomen
729 3125 814 3211 apud
830 3125 921 3189 illum
943 3123 1132 3200 Rhodiorum,
1156 3119 1243 3206 apud

112 3231 202 3293 hunc
223 3228 392 3292 Redonum
415 3228 580 3309 scribitur,
611 3229 644 3293 id
672 3230 792 3293 nullius
816 3249 889 3293 esse
913 3228 1068 3291 momenti
1092 3225 1243 3301 arbitror,

114 3333 269 3417 quoniam
307 3332 425 3397 lustini
469 3339 501 3398 et
538 3333 687 3396 Frontini
726 3331 874 3397 codicum
912 3351 1010 3394 manu
1049 3329 1242 3416 scriptorum

113 3439 277 3502 lectiones
294 3438 328 3501 in
349 3438 407 3502 his·
424 3439 505 3525 ipsis
521 3437 705 3502 nominibus
722 3438 853 3501 minime
870 3437 954 3500 inter
972 3456 1007 3499 se
1025 3432 1242 3498 consentiunt.

204 3655 236 3723 2.
261 3654 411 3720 Secundo
428 3656 500 3721 loco
519 3676 740 3742 proponamus
757 3651 922 3733 fabellam,
939 3671 1021 3735 quae
1038 3638 1243 3713 Herodotum

116 3760 150 3824 in
174 3761 425 3846 comparationis
448 3759 603 3824 iudicium
625 3757 764 3823 uocandi
787 3756 974 3821 facultatem
996 3750 1141 3840 praebet.

189 3934 208 4000 ¹)
226 3933 397 3985 Praenomen
420 3928 495 3982 delet
519 3930 749 3985 Gundernmnnus
772 3929 790 3982 l.
814 3945 836 3981 e.
858 3945 920 3996 pag.
942 3925 998 3992 137,
1021 3921 1146 3976 codicum
1170 3921 1243 3991 opti-

117 4039 223 4074 morum
241 4019 436 4073 auctoritatem
455 4022 570 4072 secutus.
