2716 4746
581 310 769 379 ⁴...pm

67 502 74 519 '
141 522 193 592 que
211 503 357 595 quadrant
379 503 498 574 additis
521 506 587 589 eis,
619 527 701 594 quae
730 497 885 591 leguntur
908 511 977 591 eap'.
1002 501 1065 568 212
1087 496 1158 579 fin,
1186 493 1242 566 ubi

141 610 263 699 Tomyris
286 613 443 679 minatur:
477 601 595 702 ἦμήν
622 634 664 677 σε
686 605 759 697 ἐγὼ
790 607 857 675 καὶ
886 601 1093 695 ἄπληστον
1126 602 1242 673 ἐόντα

141 716 294 799 αἵματος
326 715 490 805 κορέσω.
545 716 717 803 Kempfius
751 715 882 800 quidem
915 713 950 799 (l.
976 735 1003 778 o.
1028 712 1083 796 23)
1115 713 1241 777 Iustino

140 823 264 906 neglecto
288 822 449 888 Herodoti
472 822 573 887 libros
595 822 742 908 plurimis
765 821 846 885 loeis
863 819 1033 884 Valerium
1056 819 1242 905 inspexisse

140 943 291 1011 eommque
314 927 491 1013 praecipua
514 932 548 991 et
570 926 640 990 sole
656 925 819 991 interdum
834 925 1027 988 auctoritate
1051 944 1146 988 usum
1169 944 1242 987 esse

137 1029 326 1094 existimauit.
375 1029 471 1104 Quod
494 1030 625 1094 minime
641 1028 793 1115 Kempfio
809 1027 1053 1093 concedendum
1076 1047 1150 1091 esse
1166 1048 1243 1090 oon-

135 1133 220 1199 tendo.
278 1133 398 1198 Mirum
426 1134 514 1198 enim
548 1139 639 1198 esset
669 1154 742 1197 eum
774 1138 892 1196 octona
926 1130 1106 1215 eademque
1140 1129 1244 1194 uerba

132 1238 228 1302 eodem
252 1238 366 1303 ordine
390 1239 476 1325 apud
498 1245 671 1323 utrumque
689 1238 881 1323 scriptorem
895 1236 1049 1301 Latinum
1067 1235 1133 1321 legi
1154 1234 1244 1319 (narn

67 1388 70 1423 ,
129 1337 197 1406 iuter
217 1342 323 1406 uerba
346 1349 590 1428 »amputatum«
619 1349 653 1407 et
680 1341 887 1405 »abscisum«
911 1340 1046 1403 minima
1068 1339 1244 1404 intercedit

67 1476 69 1481 v
128 1442 325 1529 differentia),
348 1454 416 1511 tum
437 1447 539 1512 uerba
553 1446 679 1511 Valerii
702 1452 735 1511 et
757 1445 875 1509 lustini
898 1441 955 1529 (V.
977 1443 1171 1524 exprobrares
1193 1444 1245 1508 itt·

124 1548 327 1615 insatiabilem
354 1553 474 1616 cruoris
501 1536 600 1626 sitimss
633 1551 659 1616 Ι.
687 1551 833 1631 cuiusque
864 1546 898 1635 [i.
928 1571 956 1613 e.
986 1545 1167 1634 sanguinis]
1195 1550 1245 1611 io-

120 1655 271 1719 catiobilr's
295 1674 413 1735 semper
429 1653 552 1740 fuisti),
575 1676 658 1740 quae
675 1654 864 1719 Herodotus
882 1653 1046 1717 simillime
1062 1650 1119 1717 καὶ
1136 1645 1244 1739 ἄπλη-

119 1781 189 1824 στον
212 1751 310 1823 ἐόντα
331 1758 471 1842 αἵματος
483 1759 648 1844 Tomyrin,
668 1759 744 1823 dum
759 1758 817 1823 filii
834 1780 853 1822 a
868 1757 954 1842 Cyro
971 1758 1071 1821 occisi
1086 1756 1245 1822 ultionem

118 1864 273 1942 minatur,
297 1863 484 1946 loquentem
506 1862 595 1945 facit,
618 1870 692 1949 post
715 1861 835 1948 Cyrum
859 1883 878 1925 a
901 1863 1014 1946 regina
1036 1860 1245 1925 interfectum

115 1973 146 2031 et
168 1965 355 2030 mutilatum
379 1966 412 2028 in
436 1971 590 2031 contextu
614 1973 743 2045 extare,
771 1967 816 2029 ita
845 1973 881 2030 ut
907 1966 1073 2029 Valerium
1097 1986 1156 2029 sua
1178 1987 1244 2029 non

114 2092 156 2134 ex
178 2067 363 2149 Herodoto,
388 2067 447 2132 sed
470 2089 512 2133 ex
536 2067 651 2133 eodem
673 2069 763 2132 fonte
785 2067 918 2147 Latino,
943 2090 985 2131 ex
1009 2089 1071 2152 quo
1095 2068 1241 2131 Iustinus

111 2173 242 2252 hausit,
273 2170 307 2235 id
336 2177 387 2236 est
420 2193 463 2236 ex
493 2172 601 2257 Trogo
630 2173 781 2236 hausisse
808 2173 841 2235 in
868 2171 1041 2258 propatulo
1071 2172 1123 2237 sit.
1173 2171 1244 2235 Nec

113 2276 221 2360 magis
245 2274 326 2338 illud
349 2277 440 2339 casui
461 2276 592 2341 uidetur
619 2277 828 2342 tribuendum
852 2297 943 2356 esse,
974 2275 1061 2361 quod
1082 2275 1245 2339 Herodoti

110 2376 331 2466 λυμαινομένη
358 2379 399 2442 ab
424 2385 559 2465 utroque
589 2382 746 2468 scriptore
769 2381 887 2445 Latino
917 2401 1000 2445 uoce
1024 2378 1244 2466 exprobrandi

111 2483 319 2568 exprimitur.

201 2600 341 2667 Omnino
364 2609 474 2668 autem
496 2605 648 2670 Valerius
671 2606 733 2670 hoe
756 2608 943 2692 exemplum
971 2628 1044 2670 cum
1078 2607 1141 2670 alio
1166 2627 1243 2669 oon-

110 2707 236 2787 iunxit,
266 2707 352 2792 quod
374 2707 415 2772 ab
439 2708 608 2773 Herodoto
632 2710 775 2774 alienum
799 2710 950 2775 similiter
973 2710 1059 2795 apud
1081 2710 1243 2774 Iustinum

111 2813 250 2897 legitur:

206 2934 280 2999 Val.
295 2932 353 3016 IX,
373 2936 424 3021 10,
437 2943 502 3001 ext.
521 2935 569 3001 lb.
776 2935 857 3000 Iust.
871 2935 1014 3017 XXVII,
1033 2939 1091 3016 1,1
1112 2957 1180 3020 sqq.

110 3055 292 3130 Berenice,
315 3075 398 3139 quae
420 3055 582 3121 Laodices
606 3056 655 3121 in·
709 3056 866 3120 Seleucus
895 3107 902 3120 .
927 3105 934 3118 .
964 3056 1113 3122 hortante
1141 3064 1245 3123 matre

112 3157 207 3221 sidiis
240 3157 456 3243 interceptum
494 3160 556 3223 sibi
590 3160 654 3223 fili·
706 3159 1154 3225 Laudice..Beronieen...
1172 3182 1245 3224 cum

110 3284 168 3326 um
193 3312 200 3327 .
219 3311 226 3324 .
244 3311 252 3326 .
467 3327 473 3338 ,
706 3265 842 3350 paruulo
858 3263 958 3328 fratre
976 3286 1018 3328 ex
1034 3285 1074 3327 ea
1091 3278 1244 3351 suscepto

706 3367 879 3433 interfecit.

201 3588 352 3654 Secundo
367 3591 439 3654 loco
457 3590 693 3673 examinemus,
709 3614 791 3678 quae
805 3593 845 3657 de
860 3591 969 3657 Dareo
984 3592 1162 3680 Hystaspis
1178 3594 1244 3659 filio

113 3712 254 3776 regnum
276 3690 395 3777 adepto
418 3691 597 3757 traduntur.

113 3814 147 3882 2.
218 3812 292 3876 Val.
308 3812 385 3893 VII,
405 3814 434 3892 3,
451 3820 516 3878 ext.
534 3815 562 3878 2.
820 3814 900 3880 Inst.
917 3816 944 3897 I,
962 3820 1011 3897 10,
1032 3821 1045 3880 1.
1062 3838 1131 3904 sqq.

114 3933 254 3999 Sordida
276 3953 435 4016 moyerem
447 3933 656 3998 deculcatione
709 3933 825 4000 Occisis
852 3937 952 4019 mopis
974 3988 982 4003 .
1007 3987 1013 4000 .
1040 3946 1132 4003 erant
1160 3941 1247 4004 enim

115 4057 275 4123 oppressa
297 4035 417 4101 Darius
445 4059 505 4102 sex
527 4038 654 4102 adiuto-
707 4039 824 4102 uirtute
849 4044 877 4103 et
899 4039 1060 4104 nobilitate
1086 4042 1133 4105 tta
1149 4064 1247 4123 paras

114 4142 204 4205 ribus
236 4139 371 4203 ονόεοῑοον
400 4139 565 4222 dipaitotis
595 4141 654 4204 ad·
708 4144 906 4224 ..praelique
928 4145 1013 4208 inter
1036 4166 1071 4207 se
1094 4149 1183 4223 suot,
1211 4152 1247 4210 ut

116 4245 253 4328 sumptis
266 4247 393 4322 pactam
410 4266 481 4307 cum
494 4245 653 4330 praeclari
707 4245 759 4307 die
784 4252 906 4309 statuta
922 4268 1034 4311 omues
1052 4270 1153 4333 equos
1170 4256 1245 4314 ante
