2716 4746
653 232 862 295 ..56-

189 421 322 511 profert.
370 420 493 497 Quoter
516 423 649 507 quidem
672 422 817 487 lustinus
838 420 1032 509 Zopyrionis
1049 428 1173 489 contra
1188 420 1274 510 Scytl

190 527 410 615 expeditionis
433 528 633 591 mentionem
663 526 755 607 lacit,
787 548 848 591 nee
877 533 987 592 tamen
1009 548 1152 613 usquam
1178 528 1222 611 id,
1243 550 1281 615 qu

190 632 289 698 tradit
311 631 510 707 Macrobius,
534 636 776 697 commemorat.
820 630 938 696 Utrum
966 652 1044 697 uero
1067 632 1161 719 apud
1185 633 1287 718 Trogu

190 738 296 825 ipsum
317 738 438 801 lectum
462 735 560 801 luerit
581 757 696 818 neone,
720 735 898 801 diiudicare
920 757 987 802 non
1008 758 1200 823 possumus.

655 902 860 913 *ια-ιι-

277 1040 400 1106 Earum
423 1062 547 1122 rerum,
575 1061 658 1126 quae
688 1062 786 1127 supra
817 1039 1007 1126 singillatim
1037 1041 1210 1128 expositae
1237 1044 1309 1122 suut,

191 1167 276 1212 nune
300 1166 459 1209 summam
481 1150 683 1231 repetamus:
713 1144 813 1230 Trogi
843 1144 943 1230 igitur
971 1143 1118 1211 historiis
1141 1146 1307 1234 complures

193 1250 369 1336 scriptores
400 1248 490 1313 fonte
519 1247 571 1312 nsi
602 1253 689 1312 sunt:
720 1247 874 1313 Valerius
897 1247 1062 1313 Maximus
1093 1254 1128 1314 et
1149 1247 1305 1315 Frontinus

192 1354 226 1418 in
260 1374 394 1418 numero
425 1351 565 1438 quodam
601 1353 843 1439 exemplorum,
876 1350 1024 1417 Velleius
1062 1348 1303 1419 Paterculusiu

193 1456 302 1545 priore
325 1455 482 1521 historiae
514 1462 625 1542 parte,
656 1457 789 1542 inqua,
819 1456 1008 1543 priusquam
1037 1455 1079 1520 ad
1105 1456 1193 1543 ipsas
1220 1470 1303 1521 rasa

192 1561 349 1626 Romanis
373 1568 484 1646 gestas
507 1560 693 1626 tractandas
723 1560 972 1646 aggrederetur,
1000 1565 1167 1647 tamquam
1195 1554 1302 1648 praelu-
1343 1618 1345 1625 .

192 1665 292 1729 tionis
310 1665 382 1729 loco
398 1671 585 1729 exterarum
599 1664 744 1749 gentium
756 1685 811 1729 res
824 1663 1000 1751 praecipua
1013 1670 1195 1730 memoratu
1209 1662 1305 1748 digna

193 1768 373 1856 praemisit.
418 1767 569 1832 Curtium
594 1789 722 1854 quoque
745 1767 866 1834 Rufum
890 1791 932 1834 ex
946 1767 1047 1854 Trogi
1070 1767 1215 1835 historiis
1234 1756 1314 1832 houd

193 1892 299 1959 pauca
322 1872 473 1937 hausisse
497 1871 804 1938 demonstrauimus.

280 1975 332 2040 De
347 1976 387 2040 L.
404 1975 558 2063 Ampelio
582 1983 615 2041 et
637 1975 805 2040 Macrobio
828 1996 895 2039 non
917 1974 995 2040 satis
1019 1974 1053 2039 in
1076 1974 1247 2062 propatulo
1264 1976 1328 2033 τοῦ

195 2080 294 2145 nobis
318 2079 493 2145 uidebatur
516 2101 601 2146 esse.

282 2183 393 2248 Primo
416 2184 515 2269 igitur
537 2205 568 2270 p.
586 2182 659 2248 uhr.
683 2203 714 2249 n.
739 2182 1178 2268 saeculoTrogiauctoritas
1191 2184 1344 2269 magn0‘

194 2309 274 2375 pere
305 2288 422 2353 floruit.
482 2290 534 2354 De
567 2289 815 2374 insequentibus
847 2288 1050 2376 temporibus
1080 2276 1352 2354 Gutsohmidiffi

195 2394 217 2457 l.
242 2414 269 2457 o.
294 2391 481 2479 disputauit.
526 2392 580 2457 Ex
603 2393 745 2458 seeundo
764 2415 795 2479 p.
812 2391 886 2457 Chr.
909 2414 940 2457 n.
964 2393 1097 2457 saeculo
1120 2393 1211 2458 nullo
1235 2378 1348 2459 eui1²

197 2497 280 2561 citur
304 2497 494 2562 testimonio
525 2499 627 2561 ullum
657 2498 848 2583 scriptorem
872 2496 973 2582 Trogi
995 2516 1095 2583 opere
1119 2517 1194 2563 esse
1223 2509 1296 2561 usu

197 2599 336 2665 Saeculo
359 2601 456 2665 tertio
482 2601 552 2666 eius
576 2601 698 2665 mentio
722 2601 758 2664 lit
780 2623 799 2664 a
820 2601 975 2687 Vopisco.
1020 2599 1188 2687 Deinceps
1211 2598 1304 2665 inde

195 2726 269 2792 pag.
290 2707 347 2768 191
375 2726 479 2791 usque
502 2703 544 2769 ad
567 2725 641 2791 pag.
661 2707 723 2767 202
738 2703 985 2769 Gntsohmidius
1001 2709 1167 2770 auctorem
1182 2708 1321 2769 uostrss

196 2830 216 2872 a
239 2809 462 2894 grammaticis
485 2809 650 2874 nonnullis
674 2808 792 2873 Iunilio
816 2809 964 2895 Flagrio,
988 2806 1123 2890 Seruio,
1149 2807 1324 2874 Priscian
1346 2798 1358 2828 ¹

196 2911 339 2997 denique
364 2912 405 2976 ab
428 2912 586 2978 historico
609 2912 749 2978 iordane
774 2913 906 2978 sacculo
930 2917 1024 2977 sexto
1052 2912 1176 2977 lectum
1199 2933 1275 2978 essa
1332 2911 1357 2940 ²

197 3021 483 3081 commemoratum
507 3015 719 3083 demonstrat.
