2716 4746
568 311 781 383 ..12..

107 506 208 593 nisse,
231 504 335 578 donec
351 515 485 578 cunctas
501 509 648 576 domina·
728 510 819 574 cuius
852 502 985 596 palmite
1020 496 1124 570 omnis
1153 497 1227 571 Asia

109 618 207 682 tionis
226 637 306 682 suae
319 625 429 703 partes
447 616 648 679 inumbraret.
729 613 971 678 obumbraretur.

196 737 308 802 Verba
341 737 503 801 Herodoti
532 736 564 815 I,
591 739 650 800 los
686 744 761 800 sunt
794 735 894 798 haec:
928 726 1036 796 ἐδόκεε
1062 727 1099 795 δέ·
1122 726 1153 794 oi
1176 729 1229 815 (sc.

111 841 264 926 Astyagi)
290 839 327 904 ἐκ
353 841 417 904 τῶν
446 835 584 904 αἰδοίων
610 841 669 927 τῆς
696 832 862 923 θυγατρὸς
888 831 1005 922 ταίτης
1035 834 1070 918 (ἰ.
1093 855 1121 898 e.
1145 833 1230 897 Man-

112 944 228 1030 danes)
250 946 349 1030 (pirus
373 937 535 1026 ὅμπελον,
564 939 622 1031 τὴν
650 942 687 1007 δὲ
714 936 862 1026 ἄμπελον
883 938 1029 1021 ἐπισχεῖν
1050 933 1109 1026 τὴν
1127 930 1232 1024 Ἀσίην

112 1051 259 1114 arduam·

198 1170 320 1235 Nescio
353 1192 396 1234 en
431 1171 592 1256 quispiam
624 1169 791 1255 putauerit
812 1167 997 1246 Valerium,
1031 1165 1150 1252 quippe
1184 1162 1234 1249 qui

113 1275 296 1339 accuratius
313 1274 376 1338 duo
392 1276 528 1354 somnia,
552 1275 691 1338 alterum
712 1273 853 1358 quidem,
875 1272 1062 1357 prinsquam
1078 1267 1234 1332 Mandane

115 1378 270 1464 Cambysi
297 1379 478 1465 nupsisset,
507 1380 645 1442 alterum
676 1385 752 1463 post
778 1376 900 1462 Cyrum
937 1381 1088 1462 nepotem
1119 1379 1234 1450 natum,

115 1483 256 1567 Astyagi
278 1482 350 1546 uisa
372 1481 553 1562 tradiderit,
576 1503 651 1545 cum
672 1482 818 1545 Iustinus
833 1479 997 1565 posterius
1013 1483 1137 1541 tantum
1154 1493 1235 1539 com-

116 1593 284 1660 memoret,
307 1606 373 1650 non
396 1607 439 1649 ex
455 1585 574 1670 Trogo,
597 1585 656 1650 sed
672 1607 715 1649 ex
730 1583 899 1649 Herodoto
918 1604 977 1646 sua
992 1579 1235 1667 deprompsisse.

118 1689 400 1754 Considerandum
423 1708 502 1752 uero
518 1688 649 1752 uidetur
673 1709 747 1752 esse
769 1708 831 1750 nos
853 1708 919 1750 non
935 1686 1035 1768 Trogi
1049 1684 1161 1769 ipsius,
1185 1681 1238 1746 sed

117 1793 342 1878 epitomatoris
366 1791 475 1856 uerbis
499 1793 556 1871 uti,
580 1813 677 1877 quem
701 1793 765 1855 iam
790 1813 888 1879 supra
911 1811 954 1854 ex
976 1788 1097 1874 duplici
1119 1807 1237 1851 memo-

117 1897 166 1959 ria
187 1917 285 1959 unam
309 1896 487 1979 eligentem
508 1895 795 1980 deprehendimus.
841 1895 947 1958 Maius
971 1892 1051 1957 illud
1073 1897 1132 1971 est,
1159 1889 1240 1975 quod

118 2006 255 2084 uterque
268 2006 382 2063 auctor
394 1991 544 2082 ἄμπελον
556 1999 656 2084 φῦναι
672 2020 823 2063 sermone
835 1999 953 2062 Latino
971 1997 1086 2060 »uitem
1098 1998 1239 2057 emotum«

119 2110 156 2167 et
174 2101 321 2183 ἐπισχεῖν
344 2103 576 2166 ›inumbraret‹
601 2104 656 2167 nel
680 2103 952 2167 ›obuurbruretur‹
978 2100 1127 2166 reddidit.
1165 2097 1242 2161 Cum

119 2215 229 2272 autem
258 2208 460 2271 leuissimum
496 2207 671 2271 discrimen
703 2208 789 2272 inter
819 2207 1079 2294 praepositiones
1108 2204 1243 2267 usitatas

120 2312 258 2390 intersit,
281 2312 339 2374 nix
354 2332 392 2374 ac
409 2332 451 2375 ne
468 2311 526 2374 uix
541 2310 672 2395 quidem
694 2311 765 2376 fieri
788 2312 905 2397 potuit,
928 2318 965 2375 ut
981 2310 1043 2374 duo
1061 2309 1243 2394 scriptores,

121 2435 258 2498 quorum
282 2416 365 2478 alter
387 2415 525 2478 alterum
547 2436 613 2477 non
636 2423 822 2499 cognosset,
841 2436 957 2480 uocem
979 2412 1125 2495 ἐπισχεῖν
1145 2410 1245 2475 uerbo

121 2518 171 2580 tu-
193 2516 279 2598 (siue
303 2519 369 2603 ob-)
392 2517 561 2581 eubraudi
582 2519 885 2605 interpretarentur.
930 2519 1079 2604 Denique
1098 2523 1247 2600 uterque,

123 2643 187 2706 qua
202 2643 300 2686 causa
321 2628 500 2685 commotus
516 2622 681 2706 Astyages
696 2623 797 2687 filiam
813 2624 935 2689 Persae
957 2624 991 2688 in
1011 2619 1247 2687 matrimonium

123 2724 282 2805 dedisset,
302 2724 442 2811 propriis
464 2725 574 2788 uerbis
598 2724 778 2790 declaranit
801 2727 905 2809 (Valz
928 2745 993 2790 uon
1011 2725 1176 2788 Medorum
1197 2743 1249 2786 cu-

119 2827 347 2904 celteute'sstmo,
369 2847 408 2890 uc
434 2827 471 2889 iu
498 2827 565 2890 cius
588 2826 753 2911 faucillum
780 2831 871 2912 ropur'
896 2830 988 2894 decus
1015 2827 1249 2908 transferretur,

120 2929 174 2993 sed
206 2928 378 2994 Persarum
400 2979 407 2992 .
432 2979 439 2993 .
460 2931 532 2993 utro
563 2931 749 2995 collocando.
802 2933 898 2998 lust:
935 2954 1032 3014 aequo
1062 2933 1145 2997 claro
1178 2931 1251 2994 uiro

122 3052 219 3113 meque
238 3033 302 3096 ciui
323 3052 363 3096 ue
378 3036 517 3112 poterae
531 3037 733 3115 omuruoquc
747 3037 896 3101 uobttr‘um
910 3037 1029 3119 nepotis
1043 3037 1184 3099 culmum
1198 3055 1251 3098 eu-

121 3136 248 3214 tottcret,
270 3136 324 3200 sed
345 3156 384 3199 eu
404 3140 493 3217 peute
513 3138 642 3200 obscura
666 3160 695 3203 e.
719 3161 749 3224 q.
773 3139 826 3225 s),
849 3162 923 3205 cum
945 3142 1031 3228 apud
1046 3139 1251 3205 Herodotum

121 3239 214 3325 (107)
227 3246 352 3303 tantum
363 3260 461 3303 causa
473 3239 554 3304 haec
566 3241 707 3325 legatur:
727 3238 883 3322 δεδοικώς
896 3240 955 3333 τὴν
969 3238 1058 3331 ὄψιν.
1095 3243 1253 3308 Similiter

121 3345 208 3430 apud
229 3344 366 3409 Latinos
383 3344 562 3428 Cambyses
586 3354 637 3412 est
660 3349 734 3412 »uir
748 3349 929 3414 mediocris«
946 3350 1056 3436 (lust.)
1080 3355 1145 3429 aut,
1166 3367 1252 3412 »ruo-

121 3447 207 3512 dtooe
226 3448 398 3533 fortunae«
414 3448 529 3534 (val),
557 3459 669 3515 contra
695 3453 781 3538 apud
801 3454 1007 3520 Herodotum
1031 3453 1123 3540 (107)
1146 3448 1253 3539 οἰκίης

121 3543 261 3639 ἀγαθῆς.
315 3553 387 3626 Quo
413 3574 576 3618 consensu
604 3555 676 3619 fons
701 3560 881 3621 communis
918 3567 952 3623 et
978 3560 1114 3624 Latinus
1142 3557 1249 3624 ‚fnisse

121 3654 240 3729 Iustini
264 3664 297 3720 et
320 3656 445 3721 Valerii
468 3656 662 3724 declaratur.

209 3877 316 3943 Certis
339 3881 540 3963 argumentis
556 3887 720 3967 postremo
744 3883 816 3947 loco
840 3883 928 3948 aliud
945 3885 1129 3970 adiungam,
1153 3883 1251 3971 quod,

123 3981 150 4045 si
174 3981 225 4046 cui
249 3983 437 4068 ambiguum
460 3983 640 4066 uidebitur,
675 3988 730 4066 iis,
765 4008 848 4071 quae
875 3996 971 4053 antea
999 3991 1246 4076 disputauimns,

125 4088 204 4152 satis
227 4088 417 4151 illustratur.
