2716 4746
13 86 54 147 ’θ’
72 118 84 139 -.
127 72 211 142 illitu
251 87 413 167 timuerat,
464 98 600 176 experta
650 114 709 157 uos
747 93 975 160 documentum
1014 102 1065 160 ost
1100 118 1186 161 uuus

125 191 188 247 tlttl
525 251 546 274 ,
650 197 762 276 huius,
792 218 871 279 quoe
899 219 966 263 coos
989 199 1189 265 sustinuisset

646 303 717 380 post
740 298 882 365 Dareum
903 303 1018 381 uicere,
1041 303 1187 369 Alexan-

651 403 708 467 dro
725 425 797 469 esse
814 412 981 492 superstes
995 407 1134 472 crubuit.
1148 408 1188 472 of.

651 510 707 571 21:
740 507 891 573 crederes
915 509 1009 573 modo
1033 512 1188 575 amissum

650 610 795 676 Dareum
832 619 864 676 et
897 613 1020 699 paritor
1049 614 1188 680 niisorao

654 713 1189 802 duorumfiliorumexcquiasosso

10 838 27 892 j
653 817 828 883 ducendas.

10 905 66 961 ³³⁶⁵
160 920 249 1008 Apud
274 919 452 985 Diodorum
478 917 614 1001 (XVII,¹
632 923 702 1002 118,
726 920 760 1008 3)
793 922 875 988 haec
906 924 1073 1009 leguntur:
1107 919 1190 1009 μετὰ

10 1027 58 1121 ἶῌ
103 1015 126 1082 δὲ
146 1020 193 1113 τὴν
223 1026 283 1090 τοῦ
313 1021 474 1108 βασιλέως
506 1019 654 1112 τελευτὴν
685 1022 741 1090 καὶ
775 1021 976 1112 Σισύγαμβις
1002 1020 1021 1116 ἡ
1048 1024 1190 1114 foedos·

10 1126 57 1164 ‘'¹''
99 1118 185 1213 μήτηρ,
211 1123 320 1193 πολλὰ
352 1121 630 1215 madegaticum
658 1123 717 1217 τήν
744 1126 780 1195 re
805 1121 1016 1215 Ἀλεξάνδρου
1042 1127 1192 1221 tellerianis

98 1225 134 1291 al
148 1227 198 1320 τὴν
212 1228 331 1319 ἑαυτῆς
352 1229 487 1319 ἐρημίαν
506 1283 513 1298 .
530 1284 537 1297 .
555 1284 562 1297 .
578 1230 756 1317 πεμπταῖα
779 1231 979 1320 κατέστρεψε
999 1229 1055 1300 τὸν
1072 1231 1165 1320 βίον.
1183 1288 1189 1302 .

10 1419 13 1431 Ι
154 1334 390 1422 Contemplatio
413 1336 512 1420 igitur
535 1337 591 1401 illa
610 1337 770 1403 rhetorice
795 1344 964 1419 exornato,
987 1360 1082 1426 quam
1106 1340 1192 1426 apud

93 1425 222 1500 lustinum
245 1443 278 1501 et
302 1435 449 1501 Curtium
473 1439 629 1523 legimus,
653 1438 694 1502 ad
723 1439 822 1524 Trogi
845 1440 1070 1506 auctoritatem
1095 1462 1191 1507 reuo-

10 1532 17 1555 '
91 1538 169 1604 cuda
189 1548 250 1606 est.

153 1731 209 1799 13.
238 1730 390 1818 Denique
421 1732 514 1796 unius
543 1733 686 1818 exempli
711 1733 831 1796 mentio
859 1734 939 1798 mihi
961 1731 1109 1799 faciendo
1132 1741 1191 1815 ost,

84 1826 109 1890 iu
136 1855 194 1918 quo
228 1832 389 1898 Iustinum
422 1833 553 1918 quidem
588 1836 622 1898 in
650 1837 868 1900 contentionis
899 1835 1051 1901 iudicium
1075 1858 1191 1902 uoooro

80 1953 131 2000 nou
157 1938 251 2018 licet,
281 1937 339 2030 sed
360 1937 529 2003 Valerium
551 1938 729 2003 Maximum
759 1947 793 2004 et
822 1940 1024 2005 Frontinum.
1075 1940 1193 2026 Agitur

76 2047 172 2105 autem
194 2040 236 2104 de
259 2041 345 2105 facto
369 2041 549 2106 Alexandri
571 2043 700 2108 liberali
723 2064 761 2108 ao
786 2044 954 2125 clementi,
983 2044 1068 2129 quod
1091 2043 1191 2109 trudi·

74 2143 181 2209 derunt
218 2145 279 2209 soli
312 2144 437 2208 Latini:
471 2145 604 2226 Valli,
637 2151 672 2227 l,
697 2153 763 2213 ext.
790 2152 815 2211 1.
862 2146 950 2212 Ourt.
964 2146 1064 2229 VIII,
1089 2152 1118 2227 4,
1144 2151 1191 2212 to.

67 2248 172 2315 Front.
195 2249 255 2328 IV,
279 2252 309 2323 6,
333 2251 362 2316 3.

296 2370 369 2435 Vel.
881 2372 971 2437 Ourt.

64 2473 284 2562 (Alexander)
308 2475 445 2560 quodam
468 2477 532 2540 loci
555 2479 604 2541 ni·
657 2476 804 2559 (Curtius
836 2477 956 2542 milites
990 2477 1192 2563 tempestati·

61 2579 131 2643 uali
144 2585 342 2664 tempestate
358 2600 534 2666 oppressus
551 2603 603 2646 se·
655 2578 716 2643 bus
729 2579 824 2644 ualde
837 2586 976 2645 uexatus
990 2601 1064 2644 esse
1080 2601 1192 2644 narra·

60 2685 118 2748 nio
162 2684 226 2746 iam
271 2682 454 2747 confectum
496 2684 604 2750 Mace·
655 2681 726 2767 uit).
762 2683 861 2747 Forte
874 2683 1010 2748 Macedo
1024 2683 1192 2768 gregarius

62 2787 184 2850 donem
204 2785 340 2850 militem
363 2787 463 2850 nimio
483 2786 603 2873 frigore
654 2787 749 2850 miles
781 2807 879 2871 aegre
912 2808 1011 2872 seque
1044 2792 1077 2850 ot
1105 2807 1194 2850 arma

58 2889 346 2978 obstupefactum,
377 2891 448 2976 ipse
473 2890 604 2955 sublimi
656 2896 859 2968 sustentans,
889 2896 999 2953 tamen
1026 2888 1059 2951 in
1088 2894 1193 2952 castra

62 2999 98 3058 et
112 2994 295 3078 propinqua
310 2994 378 3079 lgni
393 2993 471 3057 sede
485 2992 603 3058 sedens
654 2998 861 3078 peruenerat:
907 3013 969 3078 quo
1013 2990 1085 3054 uiso
1123 3012 1192 3073 rex,

62 3095 304 3161 animaduertit.
351 3097 515 3182 Factaque
538 3116 603 3159 non
655 3117 848 3182 quamquam
872 3095 942 3182 ipse
966 3100 1034 3158 tum
1051 3094 1193 3159 maxime

62 3200 216 3264 fortunae
233 3197 291 3265 sed
304 3199 421 3265 aetatis
434 3199 602 3284 utriusque
656 3198 786 3263 admoto
809 3199 884 3284 igne
901 3196 1071 3262 refouebat
1093 3177 1193 3280 artus,

63 3302 292 3369 aestimatione
307 3301 474 3368 descendit
490 3307 523 3366 et
539 3302 603 3366 illis
656 3325 698 3367 ex
722 3303 804 3367 sella
827 3322 885 3366 sua
908 3299 1041 3365 exsiluit
1061 3306 1193 3387 torpen-

63 3405 232 3484 manibue‚
261 3406 378 3491 quibus
410 3427 489 3492 opes
512 3405 604 3469 Darii
656 3411 785 3490 temque
810 3404 946 3469 militem
970 3410 1002 3468 et
1024 3404 1082 3467 uix
1106 3425 1193 3469 com-

63 3509 250 3590 adflixerat‚
306 3531 423 3597 corpus
484 3507 604 3593 frigore
656 3515 767 3595 potem
790 3507 909 3572 mentis
932 3506 1070 3591 demptis
1095 3507 1192 3570 armis

64 3611 265 3698 duplicatum
305 3613 340 3675 ia
380 3631 469 3677 mom
505 3610 605 3675 sedem
655 3613 690 3675 in
723 3631 782 3675 sao
810 3609 877 3674 sede
908 3609 1003 3671 iussit
1027 3608 1193 3672 considero.

63 3716 218 3796 inposuit:
245 3715 281 3779 id
306 3716 335 3778 ei
356 3716 495 3778 solatore
513 3712 604 3798 fatte
656 3714 718 3777 llle
736 3762 743 3777 .
758 3761 765 3776 .
781 3762 788 3776 .
806 3708 937 3776 territus
951 3711 1063 3795 surgit.
1089 3711 1194 3784 Quem

63 3840 149 3898 rom,
173 3818 255 3903 quod
276 3819 362 3902 opud
382 3819 499 3886 Persas
520 3817 604 3900 copi·
654 3817 783 3885 intuens
828 3814 1032 3898 Alexander,
1079 3814 1194 3904 ecquid
