2716 4746
578 98 789 158 -lll-

105 292 213 379 operis
257 288 460 355 consortibus
494 287 571 374 fecit
609 294 645 351 ut

108 395 201 482 equis
239 390 418 458 insidentes
462 392 536 456 solis
576 394 647 454 orto

109 519 238 563 cursum
249 497 282 561 in
297 495 459 581 quendam
477 495 585 559 locum
600 495 647 558 di-

108 603 255 687 rigerent
269 600 357 681 isque
371 619 465 682 repno
484 599 646 679 potiretur,

107 707 197 771 enias
219 723 316 786 equus
337 703 373 765 ia
395 723 428 766 eo
437 703 564 784 primas
579 701 648 764 bia·

107 810 213 874 nisset.
282 806 436 871 Ceterum
486 806 647 869 maximae

106 910 268 976 mercedis
292 909 550 996 conpetitoribus
581 907 647 972 for-

108 1025 206 1081 tunae
229 1013 424 1079 beneficium
453 1018 648 1098 exspectan-

108 1119 206 1200 tibus,
221 1118 310 1182 solus
322 1115 470 1180 acumine
482 1115 648 1200 equisonis

110 1223 162 1287 sui
199 1217 337 1286 Oebaris
372 1237 559 1300 prosperum
595 1239 648 1282 cn-

110 1328 231 1407 optatue
254 1323 301 1389 rei
322 1321 460 1401 effectam
487 1320 650 1385 adsecutus

111 1432 168 1505 est,
201 1428 255 1512 qui
284 1427 317 1490 in
345 1445 448 1510 equae
473 1425 649 1510 genitalem

110 1530 418 1620 partcmdcmissam
429 1548 650 1605 manum,cum

110 1634 151 1700 ad
182 1655 257 1701 eum
285 1634 391 1697 locum
425 1638 560 1697 uentum
590 1638 651 1711 est,

111 1739 246 1804 naribus
275 1736 350 1821 equi
380 1734 533 1801 admouit.
579 1733 650 1807 Quo

112 1842 212 1908 odore
251 1841 401 1904 inritatus
439 1841 513 1903 cate
550 1856 652 1901 omnes

110 1946 269 2010 tinnitum
297 1941 394 2007 edidit
420 1940 587 2022 creditaque
619 1959 653 2004 eo

112 2071 172 2114 sex
186 2047 304 2133 reliqui
317 2065 462 2111 summae
478 2045 652 2130 potestatis

113 2149 276 2217 candidati
311 2150 464 2214 continuo
492 2146 580 2228 equis
601 2146 653 2210 de·

113 2256 211 2338 lapsi,
242 2261 278 2319 ut
301 2260 352 2318 est
374 2274 444 2317 mos
467 2250 653 2330 Persarum,

115 2359 205 2424 humi
250 2355 421 2443 prostratis
464 2354 653 2440 corporibus

114 2460 255 2528 Dorium
290 2480 389 2542 nepem
421 2458 652 2523 salutauoraat.

117 2562 654 2647 errantumimperiamqnomparao

114 2668 316 2748 interceptum
338 2669 383 2730 cst
403 2663 621 2744 srofromcnto!

698 289 822 374 regiam
837 288 941 373 primo
961 308 1058 352 mane
1077 285 1236 373 perduce-

699 397 781 470 rent,
804 395 832 455 et
854 393 942 456 cuias
959 391 1238 472 cqrrasc'atersolis

698 500 798 559 ortam
831 494 989 557 hinnitum
1014 494 1145 574 primns
1175 493 1237 556 cdi·

698 598 805 673 disset,
827 599 857 661 ts
878 618 935 662 rex
956 600 1033 661 essct
1056 648 1064 663 .
1084 647 1113 662 ..
1161 596 1204 661 Et
1215 599 1238 680 ¹)

700 708 772 765 erat
793 703 878 765 inter
901 702 1084 765 coniuratos
1098 700 1237 778 Dareus,
1264 747 1266 760 Λ

698 804 859 891 Hystaspi
881 805 978 886 filius,
1003 806 1054 869 cui
1078 804 1119 868 de
1137 825 1237 889 regno

701 909 840 972 sollicito
858 908 933 993 equi
949 915 1058 972 custos
1076 909 1132 984 ait,
1158 909 1185 972 si
1202 930 1240 972 ea

700 1032 753 1074 res
766 1011 936 1075 uictoriam
953 1018 1146 1092 moraretur,
1159 1010 1239 1075 nihil

701 1116 825 1200 negotii
834 1136 1017 1201 superesse.
1034 1114 1099 1179 Per
1112 1122 1239 1179 noctem

702 1215 820 1282 deinde
844 1238 963 1301 equum
990 1217 1095 1303 pridie
1119 1219 1239 1282 consti-

702 1327 806 1385 tutam
821 1321 906 1385 diem
923 1321 962 1386 ad
981 1321 1120 1386 eundem
1133 1322 1240 1386 locum

703 1425 792 1490 ducit
814 1425 925 1510 ibique
955 1446 1058 1508 equae
1088 1424 1241 1503 admittit,

703 1532 793 1592 ratus
826 1549 869 1593 ex
903 1529 1072 1615 uoluptate
1110 1528 1241 1592 ueneris

699 1629 847 1716 futuram
865 1630 1074 1712 perdecepit.
1104 1630 1243 1694 Postera

704 1735 757 1800 die
781 1735 903 1818 itaque,
926 1756 999 1799 cum
1021 1733 1063 1798 ad
1087 1739 1243 1798 statutam

705 1838 817 1902 horam
854 1858 968 1902 omnes
1002 1838 1243 1916 conuenissent,

705 1940 807 2005 Darei
831 1963 933 2026 equus
953 1941 1082 2027 cognito
1105 1941 1178 2005 loco
1203 1962 1244 2005 ex

706 2043 870 2110 desiderio
909 2044 1048 2109 feminae
1086 2043 1245 2107 hinnitum

705 2149 811 2213 statim
833 2147 930 2211 edidit
948 2196 955 2210 .
973 2198 1003 2214 ..
1048 2146 1153 2211 Tanta
1176 2169 1244 2211 mo·

706 2252 831 2317 deratio
849 2253 967 2317 ceteris
987 2251 1057 2331 fuit,
1079 2259 1116 2314 ut
1138 2251 1246 2315 andito

705 2356 845 2436 auspicio
867 2353 1027 2439 confestim
1056 2355 1143 2436 equis
1164 2354 1245 2419 desi

705 2458 814 2522 lterint
835 2462 864 2522 ct
873 2455 1017 2522 Dareum
1038 2477 1138 2540 repom
1160 2459 1247 2523 sala-

706 2561 844 2624 tooera'nt
867 2611 915 2626 ...
953 2562 1007 2628 Sic
1028 2581 1157 2643 repleam
1170 2560 1248 2625 Per·

704 2683 812 2728 soram
917 2668 980 2729 tem
1007 2666 1069 2730 leui
1098 2672 1248 2732 caemcnto

706 2766 739 2829 in
761 2786 859 2829 anam
881 2768 1037 2832 conlatam
1058 2773 1111 2833 eat.

201 2890 333 2956 Mireris
357 2889 462 2975 prima
486 2894 519 2952 et
540 2887 656 2951 ultima
678 2886 782 2951 uerba
804 2893 871 2950 tam
894 2887 979 2953 bene
1002 2889 1088 2953 inter
1110 2911 1146 2954 se
1169 2912 1248 2955 con·

116 3016 233 3081 gruere
266 2993 353 3082 apud
385 3001 559 3077 utrumque
591 2993 797 3078 scriptorem,
831 2991 940 3057 dolum
970 3004 1079 3057 autem
1107 2993 1248 3060 Oebaris

117 3099 282 3185 equisonis
306 3094 437 3162 diuersa
459 3096 584 3160 ratione
607 3095 741 3159 narrari.
797 3094 898 3160 Cuius
920 3097 969 3160 rei
993 3117 1124 3160 causam
1148 3097 1246 3163 facile

118 3204 292 3288 intelleges
308 3202 427 3267 collato
444 3199 623 3282 Herodoto,
637 3200 692 3284 qui
705 3197 768 3279 III,
785 3200 826 3263 84
840 3222 908 3285 sqq.
922 3199 1030 3286 priore
1042 3201 1113 3266 loco
1129 3202 1245 3267 codem

117 3306 225 3390 modo,
242 3328 305 3393 quo
317 3306 474 3385 Iustinus,
494 3303 604 3375 dolum
616 3309 736 3383 narrat,
750 3303 905 3389 deinceps
920 3304 966 3368 sic
979 3306 1088 3389 pergit
1100 3303 1191 3391 (87):
1216 3304 1246 3371 oi

117 3407 176 3494 μὲν
197 3403 238 3497 dq'
262 3428 345 3496 φασι
367 3403 425 3473 τὸν
443 3401 586 3493 Οἰβάρεα
607 3406 713 3470 ταῦτα
734 3401 1001 3494 μηχανήσασθαι.
1025 3402 1057 3472 oi
1080 3406 1116 3473 dd
1135 3405 1249 3475 τοιάδε

118 3510 189 3596 (καὶ
210 3508 270 3598 γὰρ
294 3504 345 3575 drr'
365 3503 536 3598 ἀμφότερα
550 3508 677 3596 λέγεται
693 3503 760 3576 ὑπὸ
781 3510 947 3597 Περσέων)
970 3535 997 3576 κ.
1014 3535 1041 3576 τ.
1059 3507 1084 3577 ἑ.
1109 3520 1143 3578 et
1165 3535 1248 3594 eam,

119 3639 213 3702 quarn
231 3616 371 3702 legimus
389 3615 475 3701 apud
487 3616 668 3697 Valerium,
686 3616 904 3681 narrationem
921 3616 1028 3680 adicit.
1066 3618 1134 3682 Res
1150 3618 1250 3704 igitur

120 3722 167 3786 sic
190 3711 385 3807 explicanda
408 3724 476 3783 est:
500 3718 643 3806 Trogum
666 3740 770 3806 aeque
787 3726 883 3804 atque
900 3718 1105 3784 Herodotum
1122 3727 1244 3804 utram-

121 3845 183 3911 que
206 3823 273 3888 doli
296 3823 432 3888 formam
448 3820 674 3910 descripsisse,
695 3821 857 3886 Iustinum
873 3829 981 3888 autem
998 3822 1247 3909 epitomatorem

194 4032 213 4097 1)
232 4028 305 4081 ‹lolot
325 4027 394 4081 Sor-k
415 4027 430 4081 l.
451 4047 472 4080 c.
493 4045 556 4095 pag.
575 4030 616 4079 ab.
