2716 4746
612 76 828 142 249...

14 244 38 263 N
65 270 75 277 ’“
153 265 269 335 denum
291 268 398 354 plodio
419 287 563 333 reuersas
588 273 633 332 est
655 269 698 332 ccl
749 271 909 333 iacentem
944 267 1194 332 obtruncaturus
1224 266 1286 333 cir-

152 387 231 441 ceos,
745 378 972 438 cumsteterat:
1016 380 1050 436 at
1092 374 1148 437 ille
1191 373 1287 436 citius

241 478 316 541 Val.
335 478 422 542 Mar.
439 475 503 557 III,
522 477 551 558 2,
571 478 620 540 16.
750 465 875 556 corpore
902 476 1022 540 collecto
1048 496 1182 561 magnas
1206 482 1288 540 stra·

105 652 108 657 ,
160 581 232 647 Cato
244 579 450 666 (Censorius)
465 602 537 644 eum
550 580 590 644 ab
603 579 698 644 hoste
751 601 809 664 ges
841 567 961 643 edidit
1009 578 1091 644 Cum
1121 580 1162 645 ad
1188 600 1290 644 unum

155 683 185 749 in
198 687 271 750 acie
284 683 698 771 uehementer†paruulo
751 683 997 770 opprimendum
1041 683 1184 770 undique
1228 684 1289 748 ho-

123 816 126 821 ·
155 794 338 874 peteretur,
380 788 542 872 capion
573 788 700 872 placitus
751 793 819 879 stes
852 787 1077 870 conuolarent,
1109 786 1185 851 dum
1213 807 1289 874 pro·

154 894 218 956 eius
254 892 381 972 elapsus
418 889 538 956 decidit.
595 891 701 966 Quem
753 913 864 956 cerum
898 890 1060 977 quendam
1088 892 1186 978 petit,
1220 891 1290 974 pla-

94 1034 99 1039 -
154 996 339 1061 subiectum
358 996 589 1082 proeliantium
602 996 700 1081 globo
752 994 824 1058 dius
857 994 886 1059 ei
919 1015 1073 1059 ernauu
1104 995 1228 1076 elapsus
1257 995 1290 1058 in

152 1107 250 1186 atque
264 1099 408 1184 undique
420 1099 592 1164 hostilibus
608 1099 700 1186 pedi·
752 1096 893 1194 mediam
940 1100 1106 1165 cohortem
1149 1098 1292 1163 hostium

152 1203 213 1267 bus
254 1200 488 1266 circumdatum
529 1211 700 1290 postquam
751 1201 879 1266 decidit:
894 1201 935 1266 ad
949 1202 1292 1287 quemreeiperaudum

10 1318 48 1372 u.-
151 1307 273 1371 abesse
290 1306 353 1370 sibi
364 1306 598 1386 animaduertit,
615 1307 697 1373 adeo
749 1305 890 1370 umbone
914 1328 949 1371 se
965 1316 1142 1393 protegens
1163 1307 1292 1394 inspec-

10 1430 53 1471 'm
153 1410 319 1474 constanti
341 1409 450 1474 animo
474 1411 616 1476 insuam
638 1433 696 1499 po·
748 1416 838 1476 tante
868 1417 1006 1495 utroque
1036 1410 1183 1475 exercitu
1208 1412 1294 1477 inter

152 1519 310 1578 testatem
326 1512 464 1599 redegit,
477 1515 617 1579 utillum
632 1537 697 1579 non
748 1513 892 1578 hostium
925 1536 1097 1580 mucrones
1135 1536 1208 1580 sese
1242 1516 1292 1579 in-

152 1617 301 1704 periculo
312 1639 489 1704 oppressus
501 1640 629 1705 rapere,
638 1618 697 1684 sed
748 1618 862 1682 mersit
873 1617 1086 1699 recollectoque
1095 1618 1201 1701 plodio
1214 1619 1294 1684 mul·

10 1775 48 1811 ,x
152 1726 246 1785 metu
267 1741 392 1785 uacuus
415 1744 542 1787 sumere
566 1722 696 1788 uidere·
749 1723 790 1787 tis
812 1721 996 1786 uulneribus
1014 1724 1147 1804 ecceptts
1160 1723 1204 1787 ud
1222 1742 1293 1788 suos

152 1832 218 1890 tur.
264 1821 336 1896 Quo
360 1826 546 1911 spectaculo
565 1824 702 1890 adtoniti
753 1847 827 1891 cum
852 1826 992 1890 clamore
1019 1825 1160 1890 hostium
1189 1847 1293 1891 reuer-

25 1918 41 1931 ⁴
153 1928 269 1993 hostes
304 1934 435 2014 postero
469 1929 522 1994 die
557 1928 598 1993 ad
627 1950 703 1994 eum
753 1932 839 1994 titur.
896 1929 1004 1994 Huius
1032 1929 1203 1995 audaciam
1238 1951 1291 1994 ce-

154 2032 323 2119 supplices
342 2052 458 2119 pacem
476 2039 627 2119 petentes
646 2055 703 2098 ue·
753 2034 815 2098 teri
838 2034 955 2098 imitati
987 2035 1157 2099 uictoriam
1189 2055 1291 2123 pepe-

153 2142 286 2202 nerunt.
753 2158 835 2203 rere.

245 2237 419 2322 Conferas,
448 2261 531 2324 quae
558 2241 712 2325 leguntur
742 2240 828 2329 apud
857 2241 1068 2306 Plutarchum
1098 2241 1155 2306 uit.
1192 2239 1288 2306 Aem.

154 2343 250 2408 Paul.
282 2365 352 2430 cap.
377 2346 427 2411 21.
475 2345 596 2430 Magna
626 2352 735 2410 autem
763 2345 947 2410 differentia
981 2346 1065 2409 inter
1099 2345 1291 2410 memoriam

155 2470 176 2512 a
203 2434 382 2512 Plutarcho
417 2454 450 2512 et
484 2448 525 2512 ab
559 2448 723 2513 historicis
753 2449 878 2514 Latinis
916 2448 1069 2513 traditam
1105 2449 1289 2517 intercedit.

154 2551 291 2616 Etenim
306 2551 512 2633 Plutarchus,
537 2553 591 2637 qui
607 2554 796 2619 memoriam
816 2554 1026 2618 sinceriorem
1037 2553 1063 2639 1)
1079 2560 1112 2618 et
1127 2555 1291 2640 puriorem

155 2657 319 2736 seruauit,
343 2656 495 2721 iuuenem
518 2658 638 2722 amisso
662 2657 770 2742 gladio
794 2658 915 2722 amicos
938 2656 1105 2722 adiuturos
1128 2679 1289 2744 quaeren-

155 2767 226 2826 tem
250 2760 345 2842 facit,
379 2761 572 2845 quibuscum
599 2762 634 2825 in
657 2761 769 2827 hostes
792 2762 941 2848 irrumpit
969 2761 1177 2848 gladiumque
1205 2763 1292 2828 inter

157 2885 332 2930 caesorum
356 2868 492 2950 corp'ora
508 2886 662 2950 armaque
678 2865 808 2952 reperit.
845 2864 966 2929 Contra
983 2866 1158 2952 scriptores
1170 2866 1291 2947 Latini,

156 2971 214 3056 qui
240 2991 283 3036 ex
305 2970 395 3035 fonte
420 2969 568 3034 deriuato
591 2970 675 3034 hanc
697 2971 919 3035 narrationem
940 2971 1135 3053 hauserunt,
1159 2970 1292 3035 tradunt

156 3076 319 3141 Catonem
340 3073 375 3138 in
398 3073 637 3138 confertissimo
660 3074 803 3139 hostium
827 3074 924 3159 globo
946 3074 1165 3155 dimicantem,
1188 3075 1293 3139 itaut

157 3200 273 3255 eorum
303 3177 512 3243 multitudine
536 3178 605 3243 fere
629 3179 867 3264 opprimeretur
888 3200 949 3243 nec
972 3178 1056 3242 aciei
1079 3178 1292 3262 deserendae,

158 3287 199 3347 ut
213 3281 336 3347 amicos
353 3288 536 3366 quaereret,
559 3282 627 3346 ulla
642 3281 776 3347 daretur
790 3282 939 3365 facultas,
963 3281 1106 3367 gladium
1130 3282 1292 3365 amisisse,

158 3389 255 3454 cuius
277 3388 495 3476 recuperandi
519 3410 616 3454 eausa
631 3411 705 3454 acre
721 3389 882 3476 proelium
898 3410 971 3454 cum
986 3389 1136 3453 hostibus
1154 3390 1291 3454 circum·

156 3493 321 3558 stantibus
344 3492 451 3557 iniret.

244 3599 381 3666 Latinos
415 3607 526 3665 autem
556 3598 597 3664 ad
624 3608 725 3664 unum
753 3607 934 3681 auctorem,
966 3598 1020 3663 cui
1052 3619 1112 3663 sua
1139 3596 1290 3677 debeant,

156 3704 365 3774 reuocandos
394 3726 468 3771 esse
497 3703 674 3769 uerborum
704 3725 882 3770 consensus
913 3703 1025 3786 docet,
1061 3705 1153 3767 uelut
1184 3722 1290 3789 paene

154 3821 365 3833 ..nanu—*n—

230 3880 251 3947 ¹)
269 3877 302 3932 cf.
326 3877 360 3930 H.
378 3875 487 3942 Nissen,
512 3877 646 3932 kritisohe
671 3847 917 3947 untersuohungen
943 3876 1011 3930 iiber
1037 3875 1083 3929 die
1106 3874 1218 3944 quellen
1242 3873 1291 3928 der

154 3967 182 4023 4.
200 3965 260 4021 und
282 3965 306 4019 5.
325 3963 388 4018 dek.
412 3963 459 4018 des
482 3963 592 4031 Liuius,
620 3965 744 4019 Berolini
767 3965 846 4030 1863,
873 3982 938 4034 pag.
964 3965 1013 4017 196
1032 3981 1091 4032 sqq.
1126 3963 1220 4027 Peter,
1244 3961 1290 4015 die

155 4054 272 4127 quellen
290 4052 438 4107 Plutarcho
456 4052 487 4106 in
505 4053 559 4107 den
576 4052 778 4124 biographieen
796 4052 823 4108 d.
842 4053 933 4118 Rom,
951 4051 1030 4105 Halis
1049 4051 1124 4116 1866,
1143 4067 1206 4120 pag.
1224 4049 1266 4104 86.

1066 4137 1084 4192 4
