2716 4746
576 279 786 344 ,18-

115 470 231 558 potuit,
253 475 291 534 ut
312 475 449 556 uterque
472 470 613 556 scriptor
632 470 768 536 Latinus
790 471 927 536 uerbum
947 465 1112 538 Graecum
1132 470 1240 556 latria

116 575 232 641 eadem
255 574 385 640 emendi
407 577 462 639 uel
492 575 673 640 redimendi
702 576 843 661 imagine
873 582 907 640 et
931 576 1145 642 translatione
1166 574 1240 641 red-

115 677 225 758 deret,
270 678 348 763 quin
382 679 467 742 alter
503 679 639 742 alterius
681 678 798 742 librum
835 685 910 742 ante
947 680 1059 743 oculos
1097 679 1240 743 baberet.

115 781 219 846 Immo
250 781 415 846 Diodorus
445 789 479 846 et
505 781 633 867 Trogus
662 782 704 846 ad
731 781 871 847 cundem
900 782 1024 847 fontem
1054 783 1240 870 primariun]

116 884 291 950 reuocandi
320 885 475 950 uidentur
509 907 594 950 esse.
650 885 789 951 Accedit
815 885 901 971 quod
930 886 1105 973 scriptores
1134 886 1240 950 Latin]

115 997 252 1075 uterque
276 1010 349 1053 cum
371 990 528 1076 pietatem
551 987 696 1055 Cimonis
719 996 787 1054 tum
814 990 1070 1076 magnitudinem
1103 990 1240 1055 futurarr.

114 1093 246 1159 disertis
269 1093 380 1158 uerbis
401 1093 601 1179 praedicant.

200 1328 327 1402 Quibus
351 1328 449 1393 rebus
472 1327 643 1412 expositis,
666 1327 751 1391 unde
774 1326 912 1413 profecti
928 1347 1050 1408 sumus,
1073 1348 1113 1391 oo
1131 1345 1240 1390 reuer-

113 1440 236 1498 tamur:
266 1432 409 1518 Kempfii
437 1453 476 1495 ac
500 1429 718 1494 Gutsobmidii
746 1430 819 1494 dico
843 1431 1034 1496 sententias.
1078 1429 1122 1493 ut
1144 1427 1240 1493 certis

114 1537 244 1623 quidem
268 1537 470 1621 argumentis
493 1556 553 1598 nos
576 1535 819 1599 demonstrasse
843 1535 1012 1621 opinamur
1028 1531 1240 1598 etValcriurr

112 1667 286 1711 numerum
315 1644 477 1730 quendam
506 1645 731 1730 exemplomm
760 1664 891 1708 suorum
919 1664 962 1708 ex
983 1640 1083 1727 Trogi
1105 1640 1240 1726 Pompess

112 1749 258 1815 historiis
281 1748 430 1814 hausisse
453 1768 559 1832 neque
582 1747 689 1813 minus
718 1769 774 1813 eas
802 1746 1074 1826 narratiunculas,
1102 1764 1185 1829 quae
1207 1755 1240 1806 er

113 1874 186 1918 cum
200 1852 370 1930 Herodoto
395 1860 429 1918 et
452 1873 526 1917 curn
542 1851 651 1937 Trogo
667 1852 884 1931 consentiunt,
908 1850 993 1931 huic,
1016 1870 1081 1914 non
1103 1847 1152 1911 illi
1167 1865 1240 1912 esse

111 1955 312 2022 tribuendas.

198 2060 310 2124 Verba
332 2058 464 2144 quidem
477 2057 604 2121 Valerii
618 2063 651 2122 et
665 2056 827 2122 Herodoti
849 2033 930 2121 miro
952 2056 1048 2121 modo
1072 2055 1240 2120 concinere

111 2162 262 2251 Kempfio
299 2160 544 2226 concedendum
578 2167 645 2242 est,
680 2160 713 2225 id
745 2161 829 2246 quod
864 2183 904 2226 ea
938 2160 1063 2225 ratione
1093 2159 1240 2223 homines

111 2267 242 2352 quidam
259 2265 347 2331 docti
364 2265 584 2353 explicabant,
607 2271 644 2328 ut
658 2264 802 2349 Trogum
818 2264 1005 2350 Timagenis
1021 2284 1101 2351 opus
1118 2262 1240 2326 fontem

111 2369 232 2436 adiisse
255 2368 412 2435 dicerent.
458 2368 672 2454 Timagenem
694 2375 803 2433 autem
825 2368 933 2454 prisca
954 2366 1118 2433 Herodoti
1140 2365 1240 2430 uerba

111 2476 181 2541 fere
204 2477 332 2561 integra
354 2476 388 2538 in
411 2495 493 2561 opus
517 2495 611 2539 suum
633 2473 840 2538 transtulisse
856 2473 963 2538 minus
981 2472 1052 2538 ueri
1069 2471 1176 2536 simile
1194 2475 1240 2535 est

111 2600 207 2665 quam
224 2579 375 2665 Trogum
389 2600 441 2652 ,ex
462 2578 533 2664 ipso
557 2577 727 2642 Herodoto
751 2598 811 2641 sua
834 2575 1086 2663 deprompsisse.

201 2812 448 2880 Gutsohmidius
482 2832 561 2877 uero
595 2811 776 2877 rectissime
812 2809 966 2875 statuisse
998 2794 1078 2871 mihi
1110 2805 1240 2871 uidetur

112 2916 245 2984 decerni
275 2938 341 2982 non
375 2938 489 3002 posse,
524 2924 632 2981 utrum
664 2914 760 2980 Liuio
784 2935 825 2978 an
848 2913 955 2998 Trogo
982 2909 1143 3000 Valerius*
1159 2931 1240 2975 non-

109 3023 200 3087 nulla
237 3021 390 3106 exempla
425 3019 566 3101 debeat,
612 3040 749 3105 quorum
786 3018 850 3081 duo
888 3015 1012 3102 profert
1047 3014 1119 3100 ipse
1159 3011 1240 3077 Gut-

110 3125 305 3191 schmidius:
341 3123 415 3188 Val.
439 3123 505 3203 IX,
531 3127 565 3203 1,
599 3129 665 3188 ext.
694 3127 713 3186 4
741 3125 816 3186 et5
847 3120 920 3184 coll.
942 3119 1023 3182 Iust.
1045 3115 1240 3198 XXXVIII,

110 3229 129 3292 8
154 3235 187 3293 et
211 3231 250 3292 10
274 3234 307 3293 et
321 3227 394 3292 Liu.
417 3248 469 3313 ep.
486 3225 575 3308 LIX,
598 3247 658 3291 nos
681 3224 839 3290 adicimus
863 3222 995 3287 tertium
1011 3224 1240 3305 quartumque:

109 3331 184 3396 Val.
197 3331 257 3411 IX,
282 3334 311 3414 2,
335 3339 402 3398 ext.
426 3335 444 3394 5
469 3317 965 3407 0011'.1ua.xxxvl11,s,13‚
988 3324 1061 3391 Liu.
1084 3344 1135 3408 ep.
1151 3322 1240 3405 LIX,

109 3432 206 3502 Diod.
220 3434 378 3517 XXXIV,
398 3438 435 3498 14
457 3441 490 3500 et
502 3433 575 3500 Val.
593 3432 654 3514 III,
675 3434 704 3513 3,
722 3438 789 3496 ext.
808 3430 859 3515 7¹)
880 3429 952 3493 coll.
971 3427 1052 3491 Iust.
1068 3425 1191 3508 XLIV,
1212 3430 1240 3507 5,

111 3539 129 3597 5
155 3544 187 3600 ot
209 3538 282 3602 Liu.
306 3537 400 3619 XXI,
417 3541 446 3606 2.
493 3538 618 3611 Quibus
642 3533 848 3619 adiungenda
871 3538 946 3597 sunt
969 3529 1121 3615 exempla
1142 3529 1240 3594 haec:

109 3639 183 3706 Val.
200 3640 288 3708 Max.
303 3641 347 3722 ΙΙ,
371 3645 400 3723 6,
427 3645 464 3706 15
488 3644 561 3709 coll.
586 3642 667 3706 Iust.
683 3637 809 3719 XVIII,
834 3640 863 3718 5,
887 3641 916 3715 4,
940 3634 1020 3701 Her.
1044 3632 1070 3716 I,
1091 3635 1143 3715 93,
1166 3633 1240 3699 Ael.

109 3764 141 3808 u.
153 3742 185 3806 5.
202 3742 261 3825 IV,
277 3748 290 3805 1
307 3745 359 3809 fin.
375 3745 480 3811 Strab.
494 3746 555 3826 XI,
568 3749 631 3810 532
647 3746 711 3825 fin,
727 3744 801 3808 Val.
817 3740 905 3805 Max.
922 3738 980 3820 IV,
997 3743 1024 3819 1,
1046 3743 1111 3802 ext.
1130 3743 1149 3801 4
1167 3739 1240 3805 coll.

109 3845 190 3913 lust.
204 3846 245 3927 V,
271 3850 320 3927 10,
344 3851 363 3911 9
387 3855 420 3914 et
449 3842 545 3916 Corn.
573 3850 657 3936 Nep.
681 3849 736 3914 uit.
760 3843 919 3928 Thrasyb.
944 3845 973 3923 3,
998 3844 1027 3923 2,
1050 3841 1125 3904 Val.
1151 3840 1241 3906 Max.

112 3994 192 4003 ---—..
196 3996 316 4004 -ι--ι

181 4088 201 4152 ¹)
220 4085 365 4140 Zachccbio
392 4086 504 4154 quidem
528 4092 640 4144 anctore
669 4082 885 4156 (1.c.png.29)
909 4081 961 4134 hoo
986 4079 1142 4148 exemplum
1165 4081 1240 4133 certo

110 4189 124 4225 c
144 4170 223 4224 Liuio
241 4171 330 4225 flrrxit.
