2716 4746
492 652 543 708 De
566 653 604 717 Q.
628 652 747 709 curtio
770 655 871 711 Rufo.

208 783 321 849 Fontes
352 804 462 848 rerum
490 782 531 848 ab
562 781 752 848 Alexandro
775 783 895 870 Magno
920 791 1104 871 gestarum,
1128 786 1245 874 quibus

149 887 180 951 uti
195 889 277 954 nobis
300 888 397 969 licet,
426 888 659 973 imperatorum
691 887 913 953 Romanorum
942 891 1144 977 temporibus
1168 912 1245 955 eon-

77 1043 82 1047 .
147 993 227 1080 scripti
249 999 333 1060 sunt.
379 979 540 1057 Memoria
562 999 673 1056 autem
702 998 753 1057 cst
775 992 912 1080 duplex:
943 984 1080 1060 alteram
1109 996 1245 1061 sinceri-

77 1175 88 1183 ·
146 1116 216 1180 orem,
237 1118 320 1184 quae
344 1096 385 1160 ad
407 1095 634 1162 Ptolemaeum
657 1096 948 1184 Aristobulumqne
976 1099 1161 1164 reuocanda
1184 1106 1244 1180 est,

144 1198 307 1267 Plutarchus
337 1207 435 1287 atque
465 1199 639 1282 Arrianus,
672 1201 807 1266 alteram
836 1201 1035 1267 Olitarchum
1070 1203 1244 1290 praecipue

77 1367 85 1373 .
143 1309 217 1372 secuti
237 1306 403 1372 Diodorus
428 1304 560 1370 Curtius
588 1305 734 1370 Iustinus
757 1307 927 1393 praebent.
972 1308 1114 1395 Augusti
1137 1314 1244 1373 aetate

141 1407 167 1474 de
190 1409 376 1477 Alexandro
415 1430 564 1473 sermone
600 1408 727 1474 Graeco
762 1409 928 1476 Diodorus
965 1418 998 1477 et
1034 1411 1244 1496 Timagenes,

142 1513 241 1602 Trogus
257 1515 377 1580 Latino
394 1518 543 1598 egerunt,
567 1534 647 1598 quos
671 1521 803 1579 secutus
828 1522 880 1580 est
896 1515 1031 1581 Claudio
1048 1503 1243 1602 imperatore

140 1616 253 1686 turtius.
300 1618 364 1692 Qui
388 1640 431 1683 ex
448 1618 667 1702 antiquiorum
684 1619 877 1706 scriptorum
892 1641 1027 1686 numero
1046 1620 1244 1685 Clitarchum

139 1728 160 1786 et
175 1723 405 1803 Ptolemaeum,
430 1743 472 1786 ex
494 1721 732 1786 recentioribus
748 1722 961 1808 Timagenem
985 1723 1112 1788 laudat:
1136 1745 1243 1810 neque

137 1847 193 1895 uero
212 1852 285 1895 raro
310 1829 488 1893 contrarias
504 1828 684 1893 sententias
701 1830 887 1895 nominibus
903 1837 1084 1914 auctorum,
1108 1852 1244 1917 quorum

136 1929 202 1999 libris
224 1935 337 2015 utitur,
360 1932 521 2018 neglectis
544 1932 677 2018 profert.

199 2039 330 2107 Curtius
354 2037 455 2127 enim,
479 2042 523 2101 nt·
537 2037 609 2122 ipse
632 2058 652 2102 a
675 2037 907 2122 superstitione
932 2046 982 2102 est
1006 2038 1244 2104 remotissimus

136 2144 287 2229 omniaque
303 2143 371 2207 fato
388 2146 485 2226 atque
502 2141 621 2205 rationi
636 2162 710 2206 esse
725 2140 899 2206 tribuenda
923 2149 1046 2222 censet,
1068 2143 1115 2206 ita
1131 2146 1245 2208 eontra

135 2263 175 2310 eos
203 2270 311 2315 rernm
345 2246 536 2332 scriptores,
571 2246 625 2331 qui
657 2246 791 2310 nimiam
825 2247 989 2312 miraculis
1021 2254 1054 2312 et
1082 2246 1241 2333 portentis

132 2346 209 2416 fidem
233 2374 272 2418 ae
304 2350 532 2416 credulitatem
559 2350 697 2433 habent,
722 2350 854 2436 saepius
876 2351 980 2415 uerba
1001 2351 1094 2416 lacit:
1119 2350 1159 2416 cf.
1182 2349 1241 2431 IV,

133 2452 174 2533 45,
194 2456 248 2518 26:
283 2457 427 2531 celerum,
454 2451 522 2515 siue
552 2451 635 2516 illud
666 2451 838 2515 ludibrium
874 2453 1031 2518 oculorum·
1066 2453 1133 2517 siue
1164 2473 1243 2516 uera

130 2557 222 2632 spurce
245 2555 329 2642 fult,
358 2557 414 2637 qui
441 2556 525 2619 circu
551 2555 773 2619 Alexandrum
801 2559 907 2633 eruut,
933 2556 1050 2621 uidisse
1082 2576 1114 2621 se
1142 2556 1241 2621 credi-

77 2642 79 2651 ι
129 2653 223 2724 duur
230 2660 371 2743 paulum
384 2679 478 2741 super
493 2661 586 2740 copul
601 2659 683 2742 repis
691 2659 816 2740 placide
831 2659 988 2726 uolantem
1002 2662 1152 2742 aquilum,
1168 2683 1242 2726 cnm

127 2755 304 2831 Plutarchus
328 2764 440 2849 (Alex.
465 2762 521 2850 33)
544 2784 661 2829 reuera
682 2763 911 2829 Aristandrum
934 2786 1029 2830 auem
1052 2765 1241 2832 Alexandro

126 2877 311 2936 monstrasse
327 2868 442 2934 tradat.
487 2868 653 2954 Deinceps
671 2869 773 2933 ceteri
793 2873 953 2948 auctores,
971 2890 1043 2934 oum
1059 2868 1242 2936 Alexandri

125 2976 293 3040 exercitum
322 2973 362 3038 ad
392 2972 626 3036 Hammonium
652 2972 914 3058 proficiscentem
940 2974 1082 3040 nubibus
1106 2982 1240 3061 repente

123 3082 200 3146 caelo
217 3079 367 3146 obductis
380 3079 526 3144 leuatum
542 3076 752 3163 adiutumque
766 3099 840 3142 esse
857 3084 990 3143 narrent
1007 3078 1117 3164 (Diod.
1129 3078 1240 3159 Xllll,

122 3182 161 3265 49,
176 3189 207 3266 5,
222 3184 298 3247 Arr.
313 3181 376 3263 III,
394 3184 423 3263 3,
440 3186 469 3263 4,
485 3181 570 3245 Plut.
586 3180 639 3244 Al.
655 3179 722 3266 27),
740 3180 875 3246 deorum
891 3182 1013 3247 auxilio
1030 3182 1063 3246 id
1078 3182 1240 3247 tribuunt:

121 3281 241 3353 Curtius
264 3285 339 3370 (IV,
364 3288 392 3365 l,
417 3286 470 3368 13)
493 3285 581 3349 solus
603 3285 671 3348 siue
692 3283 782 3362 illud,
806 3285 861 3366 ait,
883 3284 1010 3349 deorum
1031 3305 1146 3349 muuus
1174 3286 1242 3351 siue

118 3408 199 3457 tusus
216 3389 294 3476 fuit.
339 3390 517 3454 Praeterea
540 3389 580 3455 cf.
604 3387 693 3454 (lurt.
706 3388 783 3470 Vll,
802 3392 851 3471 10,
869 3393 907 3452 14
931 3411 1005 3454 cum
1027 3390 1114 3456 Plut.
1129 3390 1182 3454 Al.
1199 3395 1239 3454 57

117 3502 143 3560 et
163 3496 239 3561 Arr.
263 3494 403 3575 IV,'15,
433 3496 451 3555 Ἰ
488 3491 535 3577 (in
562 3491 700 3556 Diodori
733 3499 889 3557 contextu
921 3493 1039 3557 lacuna
1072 3494 1134 3559 hoe
1167 3496 1240 3560 loco
1295 3556 1297 3561 .

116 3600 250 3684 exstat);
274 3598 363 3663 Ourt.
380 3598 422 3680 V,
446 3600 475 3679 6,
500 3600 534 3661 9;
558 3600 689 3661 celerum
711 3600 768 3661 uul
789 3596 826 3661 dc
847 3597 923 3662 aliis
944 3617 1062 3679 quoque
1085 3597 1241 3664 dubitati

113 3726 176 3773 mus
198 3708 257 3772 aut
278 3704 434 3768 credemus
457 3724 486 3768 e.
509 3724 538 3788 q.
562 3725 605 3778 s.;
628 3701 688 3781 IX,
714 3707 742 3782 1,
767 3705 823 3766 34:
850 3702 990 3784 equidem
1014 3705 1111 3784 pluro
1137 3708 1241 3769 traus-

112 3812 207 3878 our'bo
243 3827 338 3890 quum
371 3806 478 3872 credo:
511 3826 586 3870 uum
618 3825 673 3870 uec
699 3805 870 3888 adfirmare
896 3808 1048 3886 sustineo,
1070 3808 1241 3890 dequibus

111 3915 228 3992 dubito,
255 3931 311 3978 uec
331 3911 512 3989 subducere,
534 3929 614 3991 quoe
634 3911 750 3990 acreum
779 3909 845 3989 IX,
869 3915 903 3992 5,
927 3914 982 3975 21:
1012 3916 1102 3976 touta
1124 3933 1243 4005 compo¹

111 4020 252 4085 acutium
274 4021 398 4081 uetusto
418 4029 527 4081 rerum
548 4018 744 4079 mouuuuuto
766 4016 817 4080 uel
835 4017 986 4080 securitas
1006 4017 1148 4097 uelum
1168 4017 1241 4083 duic

110 4125 232 4201 uitium,
267 4121 436 4186 credulitas
464 4119 551 4205 fult3
583 4119 631 4201 X,
657 4121 713 4200 10,
739 4122 795 4183 12:
830 4120 982 4184 traditum
1012 4121 1112 4203 magis
1145 4142 1240 4202 quum

110 4227 262 4294 creditum
299 4224 408 4311 refero.
471 4223 678 4290 contendere
719 4224 859 4291 fumasse
897 4224 1045 4290 Curtium
1081 4224 1239 4292 aduersus
