2716 4746
558 328 772 390 ..46-

232 515 343 582 Front.
361 513 388 589 Ι,
407 519 456 594 11,
475 517 524 579 19.
858 513 1077 598 lust.1‚o,l.

112 636 222 720 Cyrno,
238 660 297 702 rex
314 637 498 717 Persarum,
514 645 550 701 ut
568 659 644 701 con·
698 637 750 701 lbi
773 643 951 702 conuocato
967 638 1089 718 popolo
1103 637 1212 724 (Cyna)

110 741 224 805 citaret
267 743 392 805 animos
437 740 647 820 popularium,
698 741 789 805 iubet
812 763 925 807 omnes
941 748 1074 828 praesto
1090 764 1159 806 cum
1177 763 1215 806 se·

110 852 179 908 tota
195 844 248 910 dic
267 846 304 908 ia
324 844 494 909 occidendo
513 843 649 924 qaudam
701 845 830 910 curibus
844 866 919 910 essa
932 852 966 910 et
976 847 1093 909 siluam
1104 843 1218 928 uillae¹l

110 949 195 1012 siloa
228 971 285 1013 ecs
323 949 492 1033 fatigarit:
530 945 649 1011 deinde
701 948 933 1012 circumdatam
955 948 1104 1015 madae.
1145 948 1223 1023 Quod

109 1052 260 1133 postridie
281 1053 444 1138 praestitit
466 1051 515 1115 eis
530 1050 649 1114 libera·
701 1073 774 1116 cum
787 1051 1228 1134 strenuefecissent,eosden

110 1156 252 1220 lissimas
286 1157 397 1238 epotas
420 1159 450 1219 ct
479 1156 652 1235 ioterroyo-
696 1159 827 1235 postero
857 1156 907 1220 dte
939 1159 1106 1243 apparatis
1141 1158 1230 1238 epotis

111 1261 173 1338 ait,
217 1263 288 1322 utro
331 1256 431 1338 trapis
471 1256 651 1338 panderent.
701 1259 834 1334 inuitat;
859 1259 935 1325 dein
963 1283 1037 1326 cum
1065 1261 1234 1327 alacriores

113 1361 260 1445 Cumque
296 1361 328 1425 ei
357 1360 540 1440 praescotia
575 1381 650 1447 pro·
701 1361 773 1448 ipso
797 1365 948 1429 conuiuio
976 1365 1080 1430 fartos
1102 1366 1237 1445 uideret,

111 1465 264 1545 bassam,
285 1466 376 1551 atqui
403 1487 462 1551 per
484 1465 577 1545 haec,
600 1464 650 1528 in·
701 1469 807 1547 rapot:
844 1466 872 1530 si
911 1469 1058 1534 condicio
1089 1477 1240 1555 ponatur,
1285 1552 1287 1559 y

113 1569 195 1654 quit,
229 1568 270 1632 ad
307 1570 363 1633 illa
395 1568 652 1655 pemaniendum
702 1569 807 1632 atrius
849 1571 936 1635 ottae
978 1576 1090 1636 sortem
1129 1573 1242 1656 lapaut,
1285 1579 1287 1591 '

113 1678 269 1747 est;nam
284 1671 383 1737 liberi
398 1671 551 1756 beatique
568 1693 651 1753 esse,
703 1673 850 1739 hesterni
893 1673 1014 1750 laboris
1058 1697 1100 1741 an
1146 1699 1242 1763 prae-

112 1775 174 1839 uisi
196 1774 307 1839 Medos
330 1774 485 1855 uiceritis,
506 1796 571 1840 non
592 1796 651 1862 po·
704 1777 843 1840 sentium
867 1778 1057 1863 epularum?
1086 1777 1245 1844 Praesen-

114 1879 219 1945 testis.
263 1879 366 1960 Atque
385 1879 497 1945 itooos
511 1877 555 1942 od
568 1878 653 1959 copi-
702 1879 781 1942 tium
807 1887 843 1943 ut
864 1879 1092 1945 ‘adclamauere
1115 1903 1246 1964 omnes,

112 1982 241 2047 ditotcor
257 1981 374 2062 proclii
396 1980 571 2046 concitauit.
703 1983 749 2047 ait
781 1983 935 2048 hesterno
970 1985 1109 2050 similem
1137 1986 1247 2052 labori

700 2107 829 2151 omnem
851 2088 952 2151 uitam
975 2083 1114 2170 acturos,
1131 2091 1245 2175 quoad

698 2190 804 2255 Medis
839 2197 990 2277 pareant:
1026 2213 1061 2258 se
1096 2200 1244 2274 secutos,

698 2292 865 2358 hodiernis
888 2296 1003 2381 epulis.
1047 2295 1157 2361 Laetis
1181 2319 1246 2363 om-

697 2398 791 2462 nibns
814 2396 925 2462 bellom
947 2397 1054 2463 Medis
1075 2398 1188 2484 iofcrt.

199 2518 354 2602 (lanieras
372 2516 518 2582 eiusdem
541 2517 618 2607 facti
636 2519 826 2582 memoriam
849 2518 935 2603 apud
957 2518 1036 2584 Her.
1053 2519 1079 2600 I,
1099 2523 1245 2586 lib—6

114 2625 200 2709 (oum
224 2645 286 2709 quo
308 2623 376 2687 fere
401 2622 530 2687 omnino
559 2623 720 2686 consentit
748 2622 904 2708 Polyaen.
920 2623 996 2704 VII,
1021 2626 1050 2704 6,
1076 2627 1124 2710 7);
1149 2627 1245 2711 Jquae

114 2749 308 2814 quamquam
331 2748 405 2790 cum
429 2724 639 2810 scriptoribus
662 2725 786 2789 Latinis
817 2747 854 2790 ac
882 2727 1056 2813 praecipue
1086 2749 1160 2792 cum
1186 2729 1245 2794 Iu·

115 2833 198 2896 stino
216 2832 300 2896 bene
318 2829 476 2916 congruit,
500 2835 609 2894 tamon
624 2852 684 2895 neo
703 2831 873 2917 probabile
890 2838 941 2896 est
955 2831 1146 2896 Frontinum
1169 2834 1245 2920 ipso

115 2935 285 3001 Herodoto
317 2955 390 2999 esse
419 2955 531 3014 usum,
555 2940 587 2998 et
609 2940 747 3019 uterque
777 2941 889 2999 auctor
915 2935 1050 3000 Latinus
1080 2936 1247 3002 Herodoti

114 3038 315 3127 ἐξημερῶσαι
337 3030 513 3124 &nordoldo
533 3038 636 3123 χῶρον
661 3040 715 3120 (cf.
733 3039 890 3124 Polyaeni
912 3035 1029 3125 χωρίον
1050 3032 1246 3121 ἀκανθῶδες

114 3137 296 3234 ἡμερῶσαι)
319 3142 430 3208 uerbis
453 3143 489 3206 to
511 3142 732 3208 occidendo..
755 3144 839 3207 siloa
863 3150 894 3209 et
916 3145 1054 3211 siloam.
1076 3194 1083 3208 .
1102 3146 1246 3211 excidere

115 3246 270 3312 reddidit:
301 3246 333 3310 id
362 3244 447 3330 quod
470 3244 548 3308 mihi
571 3244 794 3310 demonstrare
821 3246 949 3311 uidetur
972 3247 1134 3312 adunam
1158 3271 1250 3315 eun·⁴

115 3351 253 3436 demque
276 3357 441 3416 auctorem
457 3348 609 3413 Latinum
633 3351 820 3414 memoriam
842 3372 861 3414 a
876 3349 1033 3416 Frontino
1048 3352 1242 3439 Iustinoque

115 3455 265 3521 traditam
295 3475 368 3520 esse
398 3453 615 3519 reuocandam
642 3474 764 3539 eosque
793 3455 914 3520 nemini
943 3477 1003 3520 sua
1029 3455 1151 3522 debere
1174 3460 1241 3524 nisi

115 3560 223 3645 Trogo
246 3559 412 3645 Pompeio.

179 3779 212 3848 3.
246 3780 356 3844 Front.
374 3781 418 3862 ΙΙ,
435 3787 464 3862 5,
481 3786 510 3848 5.
871 3782 950 3847 Iust.
967 3781 994 3863 Ι,
1011 3785 1040 3864 8,
1057 3785 1085 3851 9.

118 3898 273 3985 Tomyris,
313 3901 498 3982 Scytharum
531 3901 650 3983 rupino,
703 3901 901 3985 (Tonante),
911 3903 1097 3984 Scytharum
1107 3905 1243 3986 rapina)

117 4004 237 4086 Cyrum
259 4003 434 4068 Persarum
456 4025 569 4090 regem
602 4025 652 4068 ac·
703 4005 815 4069 hostes
848 4008 962 4070 roranti
988 4006 1121 4070 uictoria
1147 4011 1242 4074 exul-

187 4177 206 4239 ¹)
226 4175 257 4229 cf.
277 4173 375 4237 ltuehl,
394 4173 603 4241 textosquellcm
622 4192 684 4244 pag.
706 4174 762 4229 139.

187 4267 207 4331 ²)
225 4262 258 4317 of.
278 4263 374 4324 ll-uolrl,
395 4263 605 4330 textosqucllcu.
624 4281 688 4332 pag.
707 4264 763 4317 116.
