2716 4746
482 88 722 148 451--

67 297 178 349 munem
208 271 242 352 id
274 276 482 366 praebuisse,
509 281 546 350 ut
576 296 618 349 ex
642 274 750 360 Trogo
783 273 854 359 ipso
877 221 1004 350 Valerii
1034 277 1184 353 Frontini
1227 281 1230 285 '

67 378 166 457 iustini
187 381 345 458 memoria
367 379 507 451 fluxerit.

10 516 13 599 ξ
136 512 289 581 Oeterum
314 515 495 579 memoratu
523 508 657 593 dignum
687 513 737 572 est
767 513 869 573 totam
892 530 961 574 rem
985 517 1022 575 ut
1045 533 1064 577 a
1086 512 1183 579 Liuio

10 612 18 695 ζ-
70 617 329 700 praetermissam,
360 613 507 700 aTrogo
537 613 606 679 eius
630 614 758 688 aemulo
784 610 896 678 dedita
919 636 1023 701 opera
1044 616 1183 681 inuesti.

72 727 157 804 getam
178 720 285 787 uideri
295 719 331 804 1).

10 828 19 1029 i
73 947 95 1015 7.
170 952 281 1016 Front.
298 950 357 1033 IV,
375 953 404 1032 7,
420 955 471 1014 44.
790 947 871 1015 lust.
887 950 932 1032 ΙΙ,
949 952 979 1034 8,
999 955 1026 1015 1.

10 1086 13 1139 i
71 1068 237 1137 Pisistratus
269 1071 472 1136 Atheniensis
512 1092 584 1134 eum
637 1069 840 1164 Mepuneuses
862 1120 870 1135 .
889 1121 896 1136 .
912 1074 1074 1143 matrones
1089 1074 1184 1140 Athe-

10 1146 18 1271 Ι
71 1178 232 1264 excepisset
242 1175 477 1259 Mepunensinn
500 1176 584 1238 elas·
628 1173 798 1258 *niensium
824 1175 860 1237 in
882 1175 1061 1241 Eleusiniis
1083 1179 1184 1249 saenis

69 1298 128 1362 sem,
144 1283 265 1368 quaiiii
280 1280 324 1344 ud
337 1279 472 1343 Eleusin
494 1280 586 1353 neoetu
636 1281 728 1351 noetn
751 1279 941 1365 oppressuri
972 1301 1074 1354 naues
1104 1303 1182 1346 eon·

69 1381 281 1470 adplicuerant,
304 1389 340 1449 ut
363 1388 512 1469 operatas
534 1380 588 1448 Oe·
640 1380 810 1458 scendunt.
873 1381 945 1456 Qua
981 1406 1016 1449 re
1052 1387 1184 1471 cognita

68 1489 130 1552 ruis
149 1509 237 1552 suero
255 1486 396 1572 feminus
417 1484 588 1550 Athenien
638 1483 705 1548 deun
727 1484 967 1554 Atheniensium
990 1485 1184 1553 Pisistratus

65 1588 128 1656 nuru
136 1597 297 1678 raperent,
310 1611 492 1675 magnaque
504 1589 588 1654 editu
638 1588 843 1654 iuuentutem
862 1590 896 1654 in
909 1590 1037 1654 insidiis
1051 1593 1139 1656 ioeat
1153 1644 1159 1658 .
1174 1644 1180 1658 .

65 1694 135 1759 neu
156 1695 475 1767 eorumuitusesset
498 1715 586 1775 suos,
640 1713 857 1778 egressosque
892 1695 1032 1769 nauibus
1066 1696 1181 1781 Mega-

10 1829 14 1915 p
63 1797 163 1877 eadam
190 1819 269 1883 quae
291 1801 424 1878 anatot,
454 1796 586 1879 nuuipia
638 1816 753 1867 tenses
776 1796 983 1883 inopinantes
1005 1797 1182 1884 adgressus

10 1927 13 1991 f
62 1896 242 1977 Atheniensi
271 1901 374 1975 milite
399 1901 585 1987 compleuit,
638 1898 753 1974 dotauit
800 1921 838 1967 ee
887 1902 1034 1988 protinus
1085 1902 1183 1972 edesse

10 2050 13 2063 .
61 2006 230 2082 quidusdam
276 1995 431 2080 'matronis
477 2004 587 2075 hoditu
638 2003 766 2084 eupitius
781 2004 974 2080 intermistis
989 2005 1182 2084 mutieribus,

60 2111 245 2189 captiuorum
272 2110 306 2174 in
336 2112 514 2194 conspeetu
536 2108 585 2183 lo·
639 2111 675 2181 ut
707 2108 837 2187 suenone
870 2114 1035 2190 neptunum
1066 2113 1182 2182 untra-

61 2214 143 2277 eatis:
168 2235 232 2298 qua
254 2212 336 2277 faeie
361 2210 490 2298 decepti
512 2211 584 2276 Me·
636 2231 753 2275 nurum
790 2211 994 2292 praeterunt,
1045 2213 1182 2299 Megara

57 2331 202 2396 gerenses
236 2323 401 2402 tamquam
440 2316 508 2389 suis
552 2321 586 2392 ed
638 2315 814 2390 contendit.
848 2314 989 2393 Iliioum
1003 2318 1180 2392 etnauium

57 2437 118 2494 tum
137 2443 293 2497 successu
314 2408 584 2506 'renauigantibus
637 2421 774 2493 formam
803 2426 837 2495 et
866 2421 1003 2509 petitam
1024 2421 1180 2509 praedam

56 2525 147 2598 effuse
172 2524 257 2597 obuii
280 2525 485 2610 inermesque
514 2547 583 2594 rur·
638 2531 885 2617 cognoscerent,
899 2524 983 2596 obuii
995 2524 1037 2599 ad
1048 2531 1180 2613 portum

53 2649 98 2692 sus
121 2628 258 2709 obpressi
279 2632 362 2702 sunt.
638 2628 828 2722 procedunt,
852 2627 964 2720 quihus
982 2630 1080 2700 eaesis
1093 2629 1179 2693 Pisi-

638 2737 758 2802 stratus
801 2729 933 2826 pauium
967 2754 987 2803 a
1021 2729 1180 2822 capienda

633 2835 717 2911 prbe
740 2835 830 2909 afuit.

128 2965 256 3030 Eodem
292 2964 366 3029 dolo
403 2963 558 3030 Solonem
592 2970 705 3036 eontra
741 2965 936 3036 Salaminios
972 2987 1068 3031 usum
1103 2987 1177 3031 esse

44 3071 129 3143 fama
152 3069 298 3153 uulgaris
322 3068 472 3151 tradidit,
497 3069 536 3139 ef.
559 3068 634 3144 Aoi,
657 3092 689 3134 u.
712 3069 743 3135 h.
767 3069 844 3151 VII,
870 3069 1029 3152 19,P1ut.
1056 3067 1121 3133 Sol.
1147 3072 1177 3154 8,

44 3197 140 3260 quem
164 3179 297 3245 seautus
321 3180 372 3248 est
393 3173 550 3259 Polyaen.
573 3172 600 3256 Ι,
625 3177 675 3256 20,
694 3176 723 3246 2.
764 3173 957 3256 νΗαιοιίοιιιε
981 3172 1021 3254 (1,
1035 3171 1090 3257 59)
1113 3173 1178 3243 nisi

42 3272 313 3369 (Πεισίστρατος)
340 3270 499 3364 πρότερον
527 3268 747 3365 εὐδοκιμήσας
775 3273 808 3354 ἐν
836 3277 877 3375 τῇ
898 3271 983 3362 πρὸς
1003 3273 1178 3364 Μεγαρέας

42 3378 194 3469 γενομένῃ
218 3376 392 3471 στρατηγίῃ
414 3380 496 3456 nihil
517 3379 627 3456 habet.

128 3611 248 3677 Peneis
284 3609 423 3695 denique
459 3609 570 3678 uerbis
604 3610 727 3694 aliquot
762 3607 914 3694 exempla
952 3607 1033 3672 mihi
1066 3608 1176 3673 absoi-.

40 3717 150 3789 nenda
172 3722 260 3797 sunt,
284 3715 324 3782 de
350 3716 467 3802 quibus
489 3735 595 3802 nuper·
616 3715 682 3779 iam
704 3712 895 3780 Eumenous
917 3714 993 3798 egit.
1040 3713 1104 3787 Qui
1125 3714 1177 3778 uir

41 3823 158 3895 doetus
181 3822 202 3887 l.
227 3841 253 3885 o.
277 3841 351 3906 pag.
376 3823 395 3884 d
418 3819 567 3887 Frontini
589 3819 634 3901 ΙΙ,
660 3821 689 3901 2,
715 3822 754 3882 14
781 3818 1000 3883 narrationem
1024 3816 1064 3882 de
1088 3817 1175 3882 The·

114 4048 135 4113 ¹)
155 4044 189 4099 ef.
209 4061 292 4113 supra
309 4061 336 4113 p.
354 4043 372 4096 5
390 4045 418 4097 et
436 4044 477 4097 11.
787 4108 790 4115 Ι
933 4124 971 4178 4*
