2716 4746
509 341 718 403 ..11-

77 531 200 610 alteram,
222 533 356 596 alteram
379 530 547 595 Valerium
570 531 750 595 Maximum
779 533 891 597 nescio
915 555 979 618 qua
1001 555 1100 598 causa
1122 536 1178 600 uel

78 655 130 717 quo
149 656 218 699 casu
241 636 274 699 in
297 657 389 698 suum
418 640 590 719 utrumque
623 657 705 721 opus
733 636 987 722 transcripsisse.
1035 635 1179 725 Singulis

79 739 146 800 enim
160 739 267 804 uerbis
283 738 369 824 apud
393 741 568 823 scriptores
584 739 720 804 Latinos
745 762 793 813 eo,
818 760 880 823 quo
904 742 949 820 fit,
974 741 1070 807 modo
1094 743 1179 808 iuter

10 838 12 923 l
77 865 104 906 se
122 845 402 919 consentientibus,
426 845 503 928 quin
525 844 678 908 Valerius
701 862 765 909 non
788 845 968 925 Herodoti,
998 847 1056 911 sed
1080 848 1179 934 Trogi

10 998 12 1011 .
76 946 152 1012 fuerit
172 949 308 1028 assecla,
332 947 474 1011 dubitari
497 948 629 1032 nequit,
653 970 726 1012 cum
749 951 943 1035 praesertim
971 957 1004 1015 et
1026 951 1180 1040 Valerius

10 1092 13 1129 ε
76 1058 99 1113 et
123 1053 263 1116 lustinus
296 1051 416 1116 addant
455 1051 556 1116 uerba
583 1053 669 1116 inter
704 1075 738 1116 se
763 1053 943 1133 simillima,
977 1076 1060 1139 quae
1093 1057 1180 1142 apud

74 1152 256 1220 Herodotum
285 1155 528 1220 desiderantur:
566 1155 606 1220 of.
628 1155 702 1220 Val.
731 1155 866 1219 ciusdem
896 1156 1070 1239 dignitatis.
1100 1158 1179 1228 lust.

10 1258 12 1263 ’
71 1263 143 1322 nont
162 1260 247 1324 enim
276 1258 392 1322 uirtute
421 1263 449 1321 et
481 1258 641 1323 nobilitate
670 1259 717 1322 itu
738 1278 847 1338 porea
891 1260 966 1324 Val.
997 1281 1181 1343 prosperum

70 1367 214 1443 criptulae
249 1363 297 1426 rei
330 1361 467 1440 effoetum
506 1362 670 1426 adsecutus
703 1366 756 1428 est.
795 1362 876 1426 Iust.
908 1368 999 1428 ratus
1036 1366 1181 1446 futurum

67 1467 133 1545 qua
152 1467 270 1539 euenit;
315 1465 388 1529 Val.
411 1469 563 1546 querutum
593 1465 758 1545 imperium
784 1487 807 1529 e.
831 1487 860 1547 q.
883 1486 906 1530 a.
935 1466 1016 1531 Iust.
1046 1471 1090 1533 sic
1111 1491 1180 1553 rep-

64 1588 126 1634 num
162 1569 336 1634 Persarum
369 1572 420 1633 ete.
482 1567 603 1632 Contra
639 1567 837 1654 prodigium,
872 1570 957 1654 quod
992 1570 1181 1638 Herodotus

62 1695 170 1760 equum
194 1674 371 1738 subsecuto
395 1673 478 1737 caeli
500 1672 627 1758 fulgore
650 1673 837 1757 tonitruque
860 1673 1022 1738 hinnitum
1038 1675 1181 1742 edidisse

59 1777 138 1859 dicit,
162 1800 184 1842 a
204 1777 332 1842 Latinis
349 1777 516 1841 omittitur.
563 1776 655 1849 Quae
679 1798 731 1842 res
755 1799 819 1841 non
834 1779 928 1864 parui
950 1779 1029 1843 mihi
1051 1781 1182 1846 uidetur

57 1881 208 1947 momenti
245 1902 328 1947 esse.
387 1880 436 1944 Eo
467 1883 553 1945 enim
587 1888 752 1966 tempore,
787 1901 850 1965 quo
879 1881 1007 1966 Trogus
1040 1886 1181 1971 scripsit,

55 1987 129 2050 talia
151 1992 315 2072 portenta,
339 1985 447 2069 qualia
467 1984 656 2048 Herodotus
679 2006 737 2070 pro
760 1985 848 2047 ueris
864 1988 1048 2052 memoriae
1071 1989 1181 2074 prodi-

54 2090 104 2171 dit,
127 2088 219 2154 haud
240 2090 286 2152 ita
309 2109 408 2174 saepe
432 2087 658 2154 credebantur.
709 2087 762 2151 Ad
789 2109 886 2173 quam
916 2109 986 2153 rem
1014 2091 1180 2156 illustran-

54 2197 124 2261 dam
156 2195 211 2259 hic
243 2195 427 2281 proferatur
452 2195 531 2258 illud
560 2194 735 2258 Liuianum
747 2195 790 2278 ¹):
821 2214 885 2258 non
906 2214 975 2258 suut
996 2197 1118 2260 nescius
1142 2197 1181 2261 ul

53 2301 156 2365 eodem
178 2300 379 2381 sepimentis,
402 2319 465 2379 quo
486 2299 569 2362 nihii
591 2298 663 2361 deos
683 2297 866 2377 portendere
887 2299 983 2381 uulpo
1009 2320 1094 2364 rinno
1115 2322 1180 2365 ere-

54 2405 141 2481 dont,
174 2403 322 2468 nuntiari
353 2402 518 2466 admodum
544 2402 635 2466 nullu
660 2401 808 2482 prodigia
835 2403 871 2465 iu
896 2403 1055 2482 publicum
1084 2424 1182 2486 reoque

54 2509 86 2570 iu
111 2506 247 2571 annates
278 2506 402 2586 referri.
459 2504 601 2571 Ceterum
628 2510 658 2568 ct
689 2505 767 2568 mila
795 2509 934 2570 uetustus
962 2527 1012 2571 res
1033 2508 1181 2572 scribenti

54 2611 153 2676 rusaio
175 2630 236 2691 quo
254 2614 346 2690 puoto
362 2611 513 2691 antiquus
526 2611 565 2690 fit
578 2610 714 2686 aermnae,
736 2612 765 2672 et
787 2609 939 2689 qimedum
961 2611 1070 2693 rclipio
1092 2616 1181 2691 tenet,

55 2737 130 2796 quoe
152 2716 205 2780 iili
223 2714 463 2794 prudentissimi
484 2713 551 2776 uiri
566 2712 691 2793 publice
713 2711 911 2791 suscipiende
933 2715 1124 2793 censuerint,
1146 2737 1182 2780 eu

50 2840 108 2898 pro
134 2819 241 2901 dionis
266 2817 393 2895 laetere,
421 2838 501 2898 qrme
529 2819 566 2880 in
591 2835 672 2880 meos
700 2815 834 2879 annales
860 2813 1007 2899 referum.
1061 2817 1182 2884 Contra

55 2923 200 3008 Trogus,
236 2933 333 3008 quem
366 2923 432 2984 iam
466 2943 563 3006 supra
602 2921 636 2983 in
676 2921 775 2984 rebus
813 2920 999 2985 enarrandis
1037 2922 1109 2986 aliis
1144 2945 1182 2987 ao

55 3027 183 3091 Liuium
211 3025 393 3090 rationibus
421 3045 517 3088 usum
547 3047 621 3089 esse
652 3023 806 3104 uidimus,
837 3025 895 3087 tali
927 3026 1086 3110 religione
1118 3049 1183 3090 non

54 3139 161 3196 tentus
185 3127 371 3216 prodigium
398 3129 441 3192 ab
463 3127 633 3193 Herodoto
657 3127 812 3191 traditum
839 3127 872 3190 in
896 3149 978 3213 opus
1002 3151 1094 3192 suum
1118 3152 1183 3195 non

54 3234 188 3320 recepit,
213 3253 309 3318 quem
332 3240 463 3297 secutus
488 3239 539 3297 est
561 3227 714 3296 Valerius
737 3230 912 3296 Maximus.

137 3423 285 3488 Tertium
325 3422 408 3488 addo
448 3423 572 3504 locum,
613 3443 676 3508 quo
714 3420 902 3486 Herodotus
937 3423 970 3484 in
1007 3421 1183 3488 discrimen
1266 3406 1269 3411 ¹

52 3527 221 3595 uocandus
246 3535 306 3593 est.

52 3634 84 3702 3.
156 3632 232 3696 Val.
254 3630 280 3712 Ι,
305 3634 334 3710 7,
358 3637 424 3696 ext.
448 3629 504 3692 51³.
784 3628 865 3694 lust.
889 3627 916 3706 I,
939 3632 969 3709 4,
993 3631 1023 3694 2.

52 3756 127 3842 quia
144 3753 295 3818 similiter
317 3751 430 3833 quietis
450 3751 592 3829 tenrpori-
643 3748 708 3813 Hic
732 3748 789 3833 (sc.
814 3749 991 3834 Astyages)
1015 3770 1076 3829 per
1106 3769 1184 3812 som-

51 3859 108 3922 bus
130 3857 378 3922 existimauerat
409 3853 468 3939 (sc.
491 3855 591 3937 Asty·
642 3873 718 3916 num
733 3852 816 3916 uidit
830 3872 868 3916 eu
882 3852 1083 3917 nuturulilms
1095 3852 1184 3932 pilius

50 3961 146 4047 ages)
162 3960 294 4043 genitali
304 3962 398 4040 purte
413 3958 591 4023 Mandanes
644 3954 678 4039 (i.
704 3975 732 4019 e.
756 3955 967 4039 Mandanes),
992 3976 1088 4041 quam
1109 3957 1183 4019 uni-

49 4068 176 4129 enntum
198 4063 293 4127 uitem
322 4083 361 4127 eo
391 4083 494 4146 usque
521 4084 591 4126 ore·
644 4081 714 4123 cam
739 4058 899 4140 habebat,
928 4059 1022 4122 uitem
1049 4062 1184 4138 errulum,

123 4271 144 4337 1)
162 4269 259 4330 nuris,
279 4268 320 4327 13,
340 4269 363 4318 1.
