2716 4746
582 298 794 361 ..31-

229 492 255 574 β.
277 488 366 556 Ourt.
393 493 427 554 et
442 485 532 552 Vol:
567 485 757 552 Alexander
784 460 958 574 postquam
981 485 1254 554 medicamentum

275 595 391 675 hausit,
414 594 540 658 litteras
556 592 713 678 legendas
729 592 881 678 Philippo
904 593 1014 662 tradit.
1051 595 1156 668 Quem
1175 585 1251 659 nar-

280 699 370 764 randi
397 697 528 762 modurn
561 697 625 760 nisi
652 696 777 761 Valerii
809 693 847 761 et'
873 697 977 783 Curtii
1008 704 1252 784 ornatumque

276 792 450 886 augmento
480 799 660 880 rhetorico,
696 819 779 883 quae
806 798 935 885 utrique
964 801 1126 866 maximae
1156 824 1252 868 curae

276 910 377 985 erant,
401 903 555 968 effectum
578 902 742 988 explicare
763 923 829 966 non
843 925 994 988 possum;
1018 926 1096 970 sane
1112 907 1185 971 luce
1203 913 1254 972 est
1316 981 1319 986 ¹

276 1009 393 1073 clarius
411 1006 630 1091 multomagis
645 1005 826 1069 Alexandri
848 1005 997 1073 fiduciam
1014 1008 1200 1085 illuminari,
1225 1011 1253 1074 si

274 1114 501 1180 Alexandrum
531 1114 621 1200 prius
647 1113 788 1196 bibisse,
822 1112 940 1179 deinde
967 1114 1093 1178 litteras
1121 1112 1252 1179 dedisse

187 1244 190 1248 ’
273 1220 427 1306 Philippo
460 1219 656 1284 narraueris.
709 1217 755 1282 At
781 1218 920 1283 fortasse
950 1219 1110 1304 quispiam
1132 1218 1254 1283 dixerit

275 1323 424 1388 Curtium
458 1343 517 1386 sua
545 1321 723 1408 sumpsisse
747 1342 765 1386 e
788 1320 936 1398 Valeri03
971 1322 1057 1407 quod
1084 1322 1155 1387 fieri
1179 1344 1252 1388 -non

274 1428 395 1514 potuit,
425 1426 578 1512 quoniam
604 1426 756 1491 Valerius
785 1412 1009 1491 Alexandrum
1026 1427 1253 1513 'inoppidum

274 1533 389 1598 castris
405 1532 630 1617 propinquum,
654 1530 785 1595 Curtius
807 1531 840 1594 in
862 1531 1109 1596 tabernaculum
1132 1531 1252 1597 deferri

271 1636 412 1701 tradunt.

194 1738 220 1806 h.
240 1739 308 1806 Nec
330 1737 569 1826 praetereunda
591 1737 743 1803 uidentur
764 1739 864 1805 haec:

349 1862 430 1926 Iust.
880 1861 970 1927 Uurt.
988 1865 1017 1942 6,
1036 1865 1084 1926 11.

146 1966 170 2023 ll
198 1985 334 2030 serarum
378 1967 436 2049 (sc.
480 1963 656 2049 medicum)
709 1964 783 2029 Non
805 1984 947 2029 securam
968 1964 1064 2030 modo
1085 1966 1168 2029 haec
1184 1987 1251 2028 uox

145 2071 306 2156 conspexit,
329 2070 440 2134 laetior
469 2068 574 2132 factus
597 2074 656 2133 est.
710 2071 766 2149 (sc.
791 2068 960 2155 Philippi),
986 2068 1044 2134 sed
1068 2069 1167 2133 etiarn
1189 2069 1251 2133 lae-

710 2175 776 2235 tam
797 2193 910 2257 regem
927 2194 965 2237 ao
987 2174 1119 2258 plenum
1142 2171 1248 2236 bonae

709 2276 779 2362 spei
802 2275 890 2341 fecit.

205 2380 379 2446 Adieetiua
402 2380 489 2446 euim
504 2398 630 2444 securas
647 2386 679 2444 et
699 2380 799 2444 laetas
815 2381 946 2466 saepius
962 2379 1089 2465 Trogus
1114 2377 1247 2443 coniun-

75 2490 77 2495 '
137 2477 207 2548 risse
229 2484 369 2574 uidetur,
395 2483 435 2550 cf.
458 2483 539 2548 Iust.
563 2483 659 2561 XIII,
683 2486 713 2562 2,
739 2487 767 2565 1,
790 2483 896 2564 XLII,
920 2470 950 2563 4,
975 2486 1004 2548 8.

202 2590 221 2652 i.
245 2588 393 2652 Iustinus
416 2586 556 2673 denique
581 2592 614 2651 et
637 2586 768 2651 Curtius
792 2588 853 2651 soli
877 2586 1008 2651 tradunt
1023 2586 1249 2652 Alexandrum

133 2699 231 2771 quarta
254 2692 307 2756 die
329 2693 398 2774 uel,
424 2697 463 2759 ,ut
487 2692 600 2756 scribit
623 2690 771 2771 Curtius,
795 2698 870 2777 post
892 2692 1024 2756 tertium
1048 2690 1135 2755 diem
1159 2690 1247 2755 sani-

131 2794 216 2862 tatem
239 2797 415 2883 recepisse.

201 2898 327 2972 Quibus
354 2899 451 2964 rebus
473 2897 633 2985 expositis
657 2896 818 2963 Iustinum
828 2898 995 2963 Valerium
1018 2897 1165 2962 Curtium
1188 2920 1246 2963 ne-

127 3002 315 3068 cessitudine
347 3002 501 3088 coniungi
531 3003 602 3087 quis
635 3010 687 3068 est
715 3004 791 3089 quin
819 3002 999 3067 concedat?
1036 3002 1134 3088 Apud
1166 3023 1247 3088 quos

124 3108 217 3172 uerba
240 3104 323 3172 adeo
345 3106 431 3170 inter
455 3127 490 3169 se
507 3113 700 3191 congruunt,
722 3114 841 3172 utnon
856 3128 1119 3192 unumquemque
1135 3128 1247 3171 eorum

122 3207 238 3276 fontem
260 3209 424 3275 Graecum
450 3208 571 3274 adiisse
602 3210 707 3275 conici
734 3212 846 3285 liceat,
878 3210 936 3275 sed
965 3211 1143 3275 communis
1174 3210 1245 3274 fons

120 3311 251 3379 Latinus
275 3313 464 3379 statuendus
488 3314 541 3377 sit.

200 3517 233 3585 2.
257 3518 308 3584 De
332 3518 470 3604 captiuis
492 3518 666 3583 Persarum
690 3518 820 3583 feminis
845 3518 885 3582 of.
907 3517 989 3581 Iust.
1010 3520 1108 3595 9,14.
1155 3516 1245 3582 Gurt.

115 3621 174 3698 ΙΙΙ,
190 3626 239 3704 12,
258 3625 275 3684 7
294 3643 362 3708 sqq.
397 3622 471 3687 Val.
488 3622 546 3703 IV,
566 3625 593 3701 7,
618 3628 684 3687 ext.
709 3625 737 3686 2.
781 3621 880 3687 Diod.
896 3621 1007 3702 XVII,
1032 3624 1082 3704 37,
1106 3626 1135 3700 5,
1158 3621 1244 3685 Plut.

114 3726 209 3792 Alex.
234 3730 285 3790 21.
330 3726 403 3790 Arr.
427 3726 472 3808 ΙΙ,
502 3730 551 3807 12,
574 3729 605 3789 6.

200 3830 292 3903 Quae
309 3831 551 3894 narratiuncula
567 3829 608 3894 ad
631 3851 711 3915 quos
734 3829 842 3894 fontes
865 3829 1037 3916 primarios
1061 3829 1246 3894 reuocanda

112 3937 164 4016 sit,
189 3958 232 4002 ex
250 3935 388 3999 Arriano
404 3935 617 4021 perspicitur:
641 3933 866 4019 Alexandrum
882 3933 1088 3999 Leonnatum
1104 3934 1245 4019 praemi-

112 4042 195 4105 sisse
219 4038 428 4103 Ptolemaeus
453 4044 486 4103 et
505 4037 715 4102 Aristobulus
739 4036 961 4116 tradiderunt3
984 4037 1092 4123 ipsum
1115 4057 1243 4121 quoque

111 4140 336 4208 Alexandrum
371 4141 509 4206 feminas
549 4141 668 4204 uisisse
707 4139 794 4204 fama
829 4146 899 4205 erat
937 4138 1093 4224 uulgaris.
1149 4139 1244 4204 Prior

111 4245 269 4311 memoria
286 4244 355 4308 sola
370 4245 493 4329 legitur
514 4243 600 4330 apud
615 4243 836 4324 Plutarchum,
851 4250 989 4326 utraque
1005 4242 1090 4328 apud
1114 4250 1242 4308 ceteros
