2716 4746
520 259 731 320 ..15-

92 450 197 526 putarat,
224 451 421 530 triumpharat
447 447 564 511 alicua.
610 447 761 511 Valerius
793 447 893 531 igitur
918 446 1061 533 Trogum
1093 447 1190 511 Pom-

92 551 176 634 peium
197 560 326 619 secutus
350 551 449 645 est1).

91 757 115 826 h.
155 762 220 826 Val.
238 761 279 842 V,
298 767 409 842 1,ext.
433 765 462 823 4.
790 761 871 824 Iust.
888 759 995 839 XXV,
1013 763 1043 824 5.

89 861 152 927 llam
169 887 238 929 cum
264 862 415 950 (Pyrrus)
440 863 518 927 diris
541 887 599 928 au·
653 863 835 948 ..Pyrrus
867 863 970 946 Arpos
1004 864 1103 949 petit:
1144 863 1191 927 ibi

90 967 176 1050 spiciis
203 969 397 1050 Arpinorum
423 967 600 1033 inuasisset
652 967 727 1031 dum
764 968 964 1053 Antigonum
1007 969 1040 1031 in
1077 968 1191 1032 urbem

12 1144 15 1148 δ
89 1071 177 1149 orbem,
200 1071 430 1156 abscisumque
455 1072 524 1136 eius
547 1092 599 1136 co-
652 1072 797 1136 olausum
833 1092 1022 1157 expugnare
1057 1077 1192 1157 conatur

85 1177 128 1248 ott
139 1175 331 1259 Alcyoneus,
344 1175 498 1256 Aatipoai
513 1177 599 1261 regis
653 1226 678 1240 ..
691 1225 697 1238 .
711 1175 878 1239 occiditur.
906 1174 1008 1254 Oopot
1017 1175 1084 1238 cios
1094 1173 1192 1237 Anti-

17 1332 23 1337 ,
89 1273 338 1360 Η]ἰιιε,αᾱραίνωη
351 1327 358 1341 .
372 1328 379 1342 .
392 1279 496 1342 laetus
511 1280 601 1344 uelut
649 1298 729 1360 pono
744 1277 888 1363 refertor,
907 1278 962 1363 qui
977 1278 1115 1342 uictoria
1131 1277 1192 1342 mi-

14 1403 21 1441 ·.
88 1379 194 1466 aliquod
238 1382 464 1447 felicissimum
495 1382 624 1448 uicto·
653 1383 718 1446 tius
740 1405 819 1446 usus
836 1382 941 1462 lilium
955 1383 1022 1445 cius
1036 1379 1194 1444 Helenum

87 1480 136 1548 riae
147 1507 226 1572 opus
239 1485 402 1562 attulisset,
415 1485 599 1571 Antigonus
653 1489 722 1550 ccam
743 1485 886 1565 Epirotis
913 1484 976 1549 sihi
1001 1483 1138 1548 deditum
1160 1486 1193 1548 in

12 1654 25 1673 ῃ,
84 1595 211 1676 correpto
236 1589 405 1655 iuuene..
425 1637 432 1651 .
455 1595 552 1674 caput
569 1639 575 1652 .
595 1638 601 1653 .
654 1611 790 1674 regnum
803 1587 928 1653 remisit
940 1588 1027 1669 eiquo
1037 1587 1194 1674 insepulti

16 1756 22 1761 ,
81 1692 256 1778 corporique
303 1692 396 1778 Pyrri
441 1692 601 1757 redditum
648 1692 755 1772 patris
785 1710 855 1755 osso
882 1691 1084 1773 toparcham
1113 1690 1194 1776 rofa-

16 1789 21 1793 ’
77 1791 313 1861 honoratissime
327 1796 535 1860 cremandum
549 1818 603 1860 cu·
654 1795 753 1859 reoda
775 1793 917 1861 tradidit.
1138 1781 1141 1787 ¹

74 1901 154 1966 ranit.
202 1899 289 1972 Quin
305 1899 404 1964 etiam
417 1900 521 1981 filium
536 1901 604 1963 cios

71 2000 221 2067 Helenum
236 2001 395 2082 captiuum
411 2003 451 2067 ad
476 2025 510 2068 se
527 2024 601 2090 per-

67 2110 201 2170 tractum
219 2112 253 2171 et
274 2107 394 2171 cultum
411 2113 444 2171 et
460 2108 603 2172 animum

64 2210 191 2294 regium
211 2231 326 2295 gerere
347 2211 452 2291 iussit,
475 2230 603 2292 ossaque

61 2313 90 2375 ci
113 2311 215 2397 Pyrri
244 2333 344 2376 aurea
372 2313 498 2378 inclusa
524 2337 605 2379 urna

63 2415 203 2497 Epirum
213 2416 250 2479 io
259 2416 400 2495 patriam
411 2416 451 2480 ad
461 2417 605 2482 Alexan·
680 2410 683 2414 ⁴

60 2518 314 2609 drum'fratrem
330 2519 493 2600 portando
512 2519 604 2583 dedit.

149 2620 276 2685 Eadem
298 2621 367 2686 fere
389 2623 584 2688 Plutarchus
608 2625 696 2688 uitae
718 2625 836 2710 Pyrrhi
859 2647 930 2712 cap.
955 2629 994 2690 34
1019 2627 1195 2690 memoriae

59 2721 224 2810 prodidit,
260 2726 317 2791 sed
347 2727 513 2791 Helenum
549 2728 649 2813 patris
683 2749 758 2792 ossa
786 2729 819 2791 in
846 2729 984 2814 patriam
1010 2736 1195 2816 reportasse

60 2828 198 2894 disertis
235 2830 346 2895 uerbis
379 2853 444 2896 non
477 2838 717 2920 commemorat.
776 2832 957 2918 Kempfiit)
1001 2834 1197 2897 sententiam

61 2931 236 2997 Valerium
260 2955 299 2998 ex
314 2934 461 2999 Diodoro
484 2937 566 3000 haec
583 2936 732 3000 hausisse
757 2936 920 3022 opinantis
936 2935 1091 3000 refutauit
1108 2937 1196 3001 (loll-

61 3037 251 3122 mannus³).
307 3037 360 3101 Ex
385 3037 480 3102 Liuio
511 3039 565 3124 qui
596 3040 678 3103 libro
699 3039 789 3102 XIV
823 3061 908 3103 nunc
946 3039 1118 3126 deperdito
1156 3039 1197 3104 de

62 3139 185 3226 Pyrrhi
200 3147 304 3205 morte
328 3142 405 3226 egit,
429 3143 665 3225 Zscheohius4)
688 3143 769 3206 haec
792 3143 927 3207 fluxisse
951 3144 1086 3222 mauult,
1111 3144 1195 3227 qnia,

59 3253 100 3308 ut
130 3244 201 3307 eius
229 3243 340 3308 uerbis
373 3251 461 3324 utar,
496 3245 558 3310 »de
581 3244 725 3324 Heleno,
756 3245 872 3330 Pyrrhi
896 3246 977 3325 filio,
1000 3245 1197 3309 Valeriusa

60 3347 193 3411 Iustino
228 3347 382 3412 abhorret
415 3349 589 3429 (captiuum
617 3349 660 3412 ad
691 3369 723 3412 sc
752 3353 942 3428 pertractum
967 3351 1087 3433 legitur
1111 3349 1198 3436 apud

60 3451 246 3531 Valerium,
263 3451 347 3540 apud
363 3451 525 3516 Iustinum
540 3453 719 3533 Antigonus
738 3452 843 3533 filium
865 3454 932 3517 cius
946 3453 1102 3517 Helenum
1124 3474 1193 3518 ciria

137 3678 158 3744 ¹)
178 3676 239 3740 Quo
258 3675 376 3730 efficitur
402 3676 500 3729 falsam
519 3677 657 3729 Enrnanni
683 3677 710 3742 (l.
730 3695 752 3729 c.
772 3677 916 3753 pugilli)
939 3678 1108 3731 sententiam
1131 3696 1197 3741 esse,

60 3763 113 3832 qui
131 3763 166 3816 de
184 3762 315 3815 hocloco
333 3762 418 3816 habet
436 3762 516 3816 haec:
543 3763 638 3816 »Diese
655 3779 743 3832 ganne
761 3761 852 3814 hirede
870 3762 922 3814 mit
941 3761 1021 3816 ihren
1039 3764 1198 3818 antithescn

59 3854 102 3907 iss
118 3853 163 3905 fiir
181 3851 243 3904 eine
261 3851 358 3920 eigene
376 3851 469 3905 kleine
487 3851 656 3905 rhetorische
674 3850 798 3919 heistung
816 3850 919 3903 Iustius
939 3869 971 3903 zu
989 3850 1112 3906 holten«

136 3941 157 4004 ⁶²)
176 3938 193 3990 l.
214 3954 235 3990 c.
255 3954 318 4007 pag.
337 3938 379 3990 22.

135 4029 157 4093 ³)
175 4025 194 4078 l.
213 4041 236 4078 c.
251 4041 316 4094 pag.
334 4024 367 4077 57
386 4043 445 4092 sqq.
468 4023 500 4080 cf.
519 4025 619 4086 Reuss,
647 4024 830 4091 Hieronymus
852 4041 907 4077 von
933 4023 1048 4086 Kardia,
1075 4023 1196 4078 Berolini

60 4113 142 4177 1826,
160 4130 225 4182 pag.
244 4113 302 4165 144.

135 4202 156 4268 ⁴)
176 4200 195 4258 l,
217 4218 238 4253 c.
257 4217 322 4270 pag.
340 4201 383 4254 40.
