2716 4746
173 114 315 198 Trogum
350 112 521 176 Kaerstius
534 109 559 196 1)
599 111 750 196 opinatur
791 112 864 174 coll.
900 110 988 175 Curt.
1006 110 1103 191 VIII,
1135 115 1171 192 l,
1201 115 1237 175 17
1270 119 1320 176 et

173 219 253 283 Iust.
277 217 351 298 XV,
376 220 404 281 3.
457 215 510 280 Ibi
540 216 625 280 enim
657 214 887 301 Lysimachum
921 215 962 280 ab
992 216 1185 281 Alexandro
1219 218 1316 283 leoni

173 343 246 387 esse
281 321 444 385 obiectum
477 319 631 399 traditur,
666 319 756 383 cuins
786 319 917 385 fabulae
949 321 1109 406 originem
1139 322 1309 386 inuenisse

174 424 304 490 Curtius
338 425 401 490 sibi
430 424 570 490 uidetur.
622 423 726 497 Quam
757 425 953 488 sententiam
978 425 1108 489 omnino
1134 446 1208 490 esse
1231 446 1308 512 pro-

172 528 312 593 bandam
335 549 464 608 censeo,
488 525 648 612 siquidem
665 527 808 590 omnium
833 527 1037 611 scriptorum,
1061 528 1116 612 qui
1141 527 1182 592 de
1208 528 1306 593 rebus

174 631 355 696 Alexandri
377 631 517 718 propriis
540 629 637 693 huius
661 630 789 693 consilii
813 628 965 715 operibus
989 637 1128 715 egerunt
1144 669 1186 679 —
1203 654 1306 718 quan-

174 743 244 800 tum
274 735 405 821 quidem
432 733 527 797 nobis
555 732 667 797 uidere
696 733 775 797 licet
797 769 840 779 —
862 755 958 798 nemo
986 733 1070 800 hanc
1102 732 1172 801 rem
1195 737 1311 822 tetigit

175 839 239 903 nisi
263 838 397 903 Curtius
426 844 459 902 et
481 835 636 900 Iustinus.
681 834 776 900 Adde
801 835 886 920 quod
907 836 986 902 illud
1007 838 1147 922 lactum,
1179 841 1311 926 dequo

177 943 321 1028 agimus,
355 946 628 1007 commemoratur
666 940 764 1004 etiam
798 939 973 1005 aValerio
1008 942 1154 1008 Maximo
1182 944 1249 1026 IX,
1275 949 1312 1025 3,

177 1051 243 1112 ext.
266 1050 299 1127 1,
323 1066 419 1130 quem
448 1046 482 1108 in
506 1051 689 1108 exterarum
713 1044 859 1128 gentium
890 1047 1050 1131 exemplis
1072 1046 1174 1133 Trogi
1197 1055 1313 1114 aucto-

177 1150 265 1215 ritati
293 1149 472 1215 identidem
504 1169 538 1212 se
572 1147 739 1212 addixisse
773 1170 871 1235 supra
893 1148 1044 1216 uidimus.
1088 1151 1204 1236 Neque
1227 1174 1313 1218 uero

177 1255 238 1318 hoc
267 1255 362 1318 unico
393 1254 464 1319 loco
489 1251 636 1316 Curtium
671 1251 710 1316 ad
741 1251 885 1338 Trogum
914 1260 1063 1340 spectare
1093 1255 1308 1321 crediderim:

177 1356 323 1422 Iustinus
344 1356 435 1439 (XII,
453 1359 482 1434 7,
499 1357 532 1440 8)
549 1355 650 1420 refert
666 1354 842 1440 (quadrans
860 1356 901 1420 ad
917 1357 991 1422 Arr.
1003 1357 1045 1439 V,
1062 1361 1091 1440 2,
1109 1360 1141 1441 6)
1164 1360 1199 1423 in
1222 1362 1309 1426 colle

177 1459 308 1546 Nysaeo
344 1460 523 1525 exercitum
550 1458 731 1523 Alexandri
760 1460 931 1545 repentino
965 1461 1089 1547 impetu
1119 1465 1238 1528 mentis
1273 1465 1309 1528 in

178 1586 288 1630 sacros
312 1565 366 1630 dei
388 1566 531 1629 ululatus
554 1564 742 1628 instinctum
766 1564 973 1641 discurrisse,
1007 1564 1148 1652 id'quod
1172 1567 1306 1634 Curtius

178 1667 293 1733 eodem
315 1669 385 1733 fere
413 1667 508 1733 modo
532 1675 642 1731 narrat
672 1667 791 1732 additis
821 1669 931 1733 uerbis
963 1668 1051 1733 credo
1078 1670 1218 1751 equidem
1245 1692 1310 1736 aori

177 1770 288 1836 diuino
318 1772 487 1851 instincta,
521 1769 575 1833 scd
610 1771 743 1834 lasciuia
775 1790 839 1834 esse
873 1776 1040 1851 procreatos.
1090 1773 1244 1860 Denique
1268 1775 1307 1840 de

179 1874 268 1939 Curt.
284 1873 377 1956 VIII,
403 1876 452 1954 10,
477 1875 517 1937 36
540 1872 642 1938 uerba
665 1873 744 1937 mihi
760 1872 911 1939 facienda
934 1883 1018 1958 sunt,
1042 1878 1115 1941 coll.
1130 1876 1211 1942 Iust.
1229 1879 1308 1960 XII,

178 1982 207 2058 7,
231 1982 261 2059 9,
286 1980 340 2064 qui
362 1979 461 2044 habet
475 1979 570 2043 haec:
594 1977 779 2065 (Cleophis)
795 1979 956 2043 coricabitu
975 1979 1163 2062 redemptam
1178 2003 1310 2066 regnam

176 2082 216 2145 ad
239 2082 425 2146 Aicacadro
447 2082 573 2162 reecpit,
596 2081 741 2166 adquae
766 2080 899 2146 Curtius
923 2083 1003 2147 mihi
1026 2086 1191 2171 respicere
1215 2087 1308 2152 uide-

178 2193 247 2267 tur,
282 2208 355 2250 cum
387 2185 521 2250 scribat:
559 2189 589 2248 ct
615 2183 769 2249 credidere
795 2184 924 2265 assidam
954 2186 1031 2266 pias
1059 2186 1184 2272 formae
1215 2211 1311 2272 qaam

177 2290 372 2356 miserationi
393 2290 509 2354 daturi.
558 2291 673 2374 Neque
704 2296 814 2355 tamen
847 2291 967 2356 certius
991 2291 1224 2359 affirmauerim
1247 2297 1310 2362 hoc

178 2394 250 2458 loco
275 2394 421 2459 Curtium
451 2393 551 2479 Trogi
583 2395 744 2459 rationem
772 2394 942 2477 habuisse,
967 2397 1119 2480 quoniam
1141 2420 1207 2463 non
1231 2421 1311 2465 con-

179 2505 253 2579 stat,
276 2506 382 2563 utrum
404 2520 471 2563 uox
493 2500 549 2562 illa
573 2497 729 2563 Curtiana
751 2498 880 2580 quidam
903 2501 1039 2565 comites
1063 2501 1246 2567 Alexandri
1269 2528 1312 2570 an

180 2623 287 2668 rerum
311 2602 487 2687 scriptores
511 2602 683 2687 significet.
1083 2600 1085 2603 ’

264 2705 315 2769 Ea
341 2726 420 2770 uero
449 2727 501 2787 re,
532 2706 618 2792 quod
650 2706 811 2771 interdum
840 2707 970 2771 Curtius
1001 2709 1097 2772 aliam
1120 2730 1157 2773 ac
1181 2709 1312 2796 Trogus

182 2809 376 2874 sententiam
399 2808 568 2894 professus
592 2816 656 2891 est,
680 2810 812 2873 minime
838 2808 977 2873 efficitur
1006 2832 1081 2874 eum
1104 2812 1185 2875 alias
1209 2812 1312 2900 Trogi

179 2913 272 2977 libris
294 2934 360 2977 non
384 2934 458 2977 csse
481 2935 592 2977 usum:
626 2913 831 2999 quodquam
862 2935 941 2979 uere
966 2915 1205 2997 contenderim,
1237 2938 1312 2982 curn

181 3018 246 3081 alia
280 3016 399 3082 docere
433 3023 572 3103 possunt
604 3023 673 3080 tum
707 3039 749 3081 ex
784 3016 873 3082 Curt.
904 3016 971 3099 IX,
995 3023 1033 3096 5,
1064 3022 1099 3082 21
1138 3021 1211 3104 cogi
1244 3044 1312 3087 non

180 3142 277 3207 posse
299 3122 386 3187 inter
408 3143 520 3187 omnes
543 3121 613 3186 fere
638 3127 764 3187 constat
788 3120 935 3186 Curtium
966 3144 1009 3187 ex
1032 3122 1198 3189 Clitarcho
1227 3126 1312 3191 nihil

180 3225 341 3290 hausisse.
397 3225 541 3310 Trogum
576 3224 723 3310 quidem,
757 3226 876 3314 quippe
907 3227 961 3312 qui
989 3226 1170 3292 Alexandri
1202 3250 1312 3294 rerum

180 3329 371 3393 memoriam
394 3328 521 3393 duobus
544 3330 636 3394 libris
660 3332 851 3417 complexus
875 3331 927 3410 sit,
950 3330 1074 3395 fontem
1097 3333 1311 3419 praecipuum

181 3432 283 3497 fuisse
307 3432 507 3498 confidenter
529 3434 715 3518 negandum
739 3442 797 3500 est.
844 3433 910 3499 Sed
933 3455 1013 3498 caue
1036 3435 1185 3516 minoris,
1214 3456 1311 3520 quarn

181 3557 240 3621 par
253 3541 312 3617 est,
325 3534 426 3620 Trogi
442 3536 607 3620 copiosam
624 3545 657 3602 et
672 3545 857 3602 accuratam
870 3559 977 3602 rerum
990 3537 1170 3603 Alexandri
1185 3561 1311 3606 memo-

182 3639 262 3702 riam
285 3639 451 3703 aestimes:
477 3659 554 3703 sane
578 3661 643 3704 non
666 3641 761 3705 modo
785 3642 947 3728 epitomae
963 3640 1083 3705 lustini
1097 3641 1172 3704 libri
1186 3641 1254 3707 XII
1279 3651 1312 3710 et

182 3773 386 3781 .—-—.---—

254 3846 274 3916 ι)
287 3845 417 3920 Beitrtige
427 3863 474 3903 aur
484 3847 691 3918 quellenlrunde
700 3849 748 3903 des
758 3848 789 3919 Q.
799 3847 910 3906 Curtius
918 3848 1015 3912 Rufus,
1025 3847 1132 3907 Cothae
1141 3848 1216 3903 1878.
1233 3868 1259 3924 p.
1269 3853 1311 3907 59.

695 4046 851 4071 ..A-..2
