2716 4746
569 293 782 352 „22-

110 501 205 566 quam
230 481 393 564 cognouit,
418 479 577 566 depositis
600 479 784 564 insignibus
807 481 936 566 imperii
959 483 1157 549 famularem

110 592 178 647 tum
200 583 305 648 induit
327 605 365 649 ac
389 583 611 670 pabulantium
634 583 775 648 hostium
798 585 899 669 globo
923 608 958 650 se
984 588 1112 652 obiecit
1132 612 1171 653 un

110 709 172 772 que
207 709 249 751 ex
286 688 326 752 iis
360 687 443 752 falce
479 708 671 773 percussum
706 688 741 751 iu
775 687 911 753 caedem
946 711 1040 755 suam
1080 715 1171 779 come

111 789 212 854 Cuius
235 792 379 872 interitu,
403 812 443 855 ne
467 791 618 855 Athenae
642 790 841 872 occiderent,
866 793 1020 858 effectum
1044 803 1108 859 est.

196 919 332 984 Famam
354 942 429 985 esse
446 920 615 1004 uulgarem
631 920 796 1006 intellegis
818 943 861 986 ex
876 922 1018 1008 Lycurg.
1036 925 1113 991 adu.
1129 926 1171 991 Le

112 1028 202 1088 84-
216 1027 268 1106 87,
291 1025 346 1110 qui
368 1024 410 1088 ad
432 1030 561 1089 nostros
584 1030 744 1105 anatome,
767 1028 943 1113 praecipue
967 1028 1147 1109 Iustinum,

113 1128 259 1212 quadrat.
299 1128 406 1201 Quare
423 1127 598 1192 uerborum
614 1148 792 1192 consensus
816 1129 975 1216 imprimis
993 1133 1076 1197 ratio
1094 1133 1171 1198 hab<

114 1238 175 1295 est.
234 1231 283 1296 Ac
319 1232 423 1317 primo
459 1230 588 1315 qnidem
628 1232 741 1295 obtutu
767 1231 894 1297 Valerii
928 1234 1032 1298 uerba
1070 1258 1090 1299 a
1113 1237 1171 1302 Vel

112 1334 303 1419 Instinoque
327 1333 422 1399 ualde
445 1333 599 1399 uidentur
617 1335 813 1422 discrepare.
858 1337 1010 1402 Notanda
1033 1346 1146 1404 autem

112 1439 297 1523 putauerim
320 1438 415 1502 haee:

343 1574 417 1641 Val.
924 1577 1012 1642 Vell.

112 1695 259 1778 depositis
306 1695 485 1778 rosionibus
509 1695 651 1775 imperii
701 1695 839 1776 deposita
853 1701 936 1762 ueste
952 1652 1041 1780 recia
1053 1703 1171 1780 pacton

42 1878 45 1883 ⁴
108 1799 303 1885 famularem
334 1799 451 1864 etaltera
483 1797 597 1864 induit.
702 1799 818 1863 callam
839 1800 953 1865 indat.

113 1946 147 2004 et
345 1937 419 2001 Val.
931 1939 1013 2004 lust.

110 2059 198 2143 cloto
229 2078 260 2123 ee
290 2057 398 2123 obiecit
424 2077 581 2137 unamque
614 2078 653 2121 ex
703 2057 748 2120 idi
778 2058 814 2120 ia
849 2058 942 2122 turbo
975 2059 1171 2126 obsistentiar

100 2163 153 2237 ‚iis
170 2162 257 2247 falce
272 2179 456 2242 percussam
478 2161 513 2224 ia
533 2160 652 2225 caedem
702 2160 810 2238 milite,
836 2181 925 2241 qoem
952 2159 1040 2244 falce
1070 2169 1145 2230 osta

92 2285 204 2340 ,suom
225 2265 379 2346 scalpelli.
702 2263 937 2343 uolnerauerat,
959 2267 1159 2348 interficitur.

195 2387 310 2473 Itaque
345 2385 461 2451 confici
494 2385 701 2469 crediderim,
738 2394 775 2450 ut
809 2408 848 2451 ea
881 2388 936 2451 uel
967 2388 1086 2451 similia
1114 2389 1171 2456 Tr<

112 2515 239 2581 qnoque
282 2490 467 2578 scripserit,
501 2512 544 2554 ex
577 2511 641 2575 qno
670 2490 819 2555 Velleius
854 2491 991 2556 alterum
1027 2495 1171 2561 enuntiat

113 2599 251 2663 alterum
273 2595 418 2660 Iustinus
443 2594 633 2658 seruauerit.
687 2591 781 2665 Quod
810 2595 896 2658 enim
920 2595 1074 2660 Valerius
1099 2596 1171 2662 Ood

76 2720 78 2725 ·
114 2701 279 2766 oraculum
311 2698 534 2764 consulentem
567 2696 664 2778 facit,
694 2717 760 2760 non
789 2696 1087 2780 Lacedaemonios,
1116 2704 1171 2767 mir

111 2827 185 2871 esse
216 2802 374 2868 momenti
401 2800 623 2886 unnsquisque
656 2801 878 2882 confitebitur,
903 2804 973 2887 qui,
998 2812 1119 2889 quanta
1142 2806 1171 2870 fu

111 2909 237 2974 Valerii
251 2891 472 2992 neglegentia,
496 2903 536 2970 de
553 2926 616 2990 qua
640 2905 831 2993 supradixi,
850 2908 1036 2972 meminerit
1048 2908 1084 2993 ¹).
1123 2910 1171 2975 Ita

112 3020 146 3080 et
158 3011 328 3078 Valerium
345 3008 555 3074 etVelleinm
577 3009 661 3074 hanc
686 3010 905 3075 narrationem
929 3032 972 3075 ex
992 3011 1099 3098 Trogo
1116 3013 1171 3080 des

112 3119 220 3205 psisse
244 3138 303 3205 pro
327 3118 416 3178 certo
440 3112 679 3180 affirmauerim.

195 3344 326 3428 Verba,
355 3366 437 3431 quae
462 3350 650 3431 sequnntur,
674 3342 715 3407 ad
738 3344 878 3409 eundem
902 3343 1039 3409 redeunt
1062 3356 1171 3414 auctor

111 3477 144 3546 5.
271 3476 358 3542 Vell.
373 3475 400 3558 I,
417 3478 447 3559 8,
464 3478 494 3543 3.
851 3473 932 3539 Inst.
948 3472 994 3555 II,
1013 3478 1042 3557 7,
1063 3482 1088 3539 1.

109 3597 238 3663 Deinde
268 3599 387 3664 aarum
409 3597 571 3665 commissa
598 3601 649 3659 est
701 3593 940 3660 administratio
956 3596 1158 3676 reipublicae

109 3701 344 3784 limeistrnta'bas
365 3721 415 3767 rec
434 3701 565 3782 publiea
587 3699 648 3786 (sc.
700 3696 965 3783 Atheniensium)
974 3702 1171 3789 caalats²)m

109 3804 386 3891 Atheniensium).
700 3802 851 3868 stratibus
865 3802 1032 3882 permisso.

196 3924 321 3998 Quibus
346 3925 423 4012 qnid
446 3924 574 4007 addam,
596 3946 662 3990 non
685 3924 801 3990 habeo.

182 4155 202 4222 ¹)
222 4153 255 4207 cf.
275 4152 393 4207 Kochler
411 4152 428 4204 l.
448 4168 470 4205 c.
492 4151 530 4205 13.
567 4151 671 4221 Kempf
685 4151 703 4205 l.
722 4168 744 4204 c.
763 4149 796 4202 34
814 4150 865 4203 cet.

179 4245 202 4311 ²)
220 4241 253 4297 cf.
272 4243 371 4308 Ruehl,
388 4241 591 4310 textesquellen
609 4257 674 4311 pag.
694 4239 751 4294 119.
