2716 4746
517 80 734 142 ..47-

97 284 136 347 aar
149 267 251 335 Marta
273 271 439 334 certantem
461 269 607 334 simulato
657 273 764 334 tontes
788 269 858 356 pari
880 267 1068 336 insidiarum
1084 265 1198 336 fraude
1256 280 1263 291 ‘

94 376 151 436 aaa
175 374 281 438 dicuat
318 373 361 437 ad
388 380 482 438 notas
511 374 606 438 militi
658 373 887 438 circumuenit:
911 375 1031 461 quippe
1047 373 1199 439 maculata

91 497 132 541 suo
159 477 323 560 capestres
351 483 449 562 atque
478 477 524 542 ibi
553 499 605 542 re·
656 474 835 560 diffidentem
852 484 985 563 propter
1000 479 1120 542 uulnus
1143 499 1197 542 ac-

85 587 165 662 pente
177 601 335 644 conuerso
349 581 478 665 agmine
491 589 607 645 natura
658 585 787 665 ceptum
822 580 987 664 refugiens
1013 581 1130 665 Cyrum
1156 581 1201 646 ad

10 746 12 761 ἲ
82 682 132 746 1οοί
151 683 262 747 adiuta
285 682 415 747 deuicit.
657 685 820 766 crapastias
842 703 938 764 asqccc
954 684 1116 764 pcrdrrm't.
1146 685 1198 750 lbi

658 788 835 874 conpositis
873 788 906 851 in
940 787 1105 852 montibus
1147 789 1197 851 in·

657 891 747 956 sidiis
764 890 904 955 ducenta
919 891 1009 955 milia
1022 891 1198 957 Persarum

657 1016 730 1060 cum
752 995 823 1080 ipso
847 1015 924 1079 rege
947 993 1132 1060 trucidauit.

151 1138 358 1220 Herodotus,
401 1161 498 1224 quem
537 1139 576 1204 de
610 1140 671 1204 hac
708 1138 784 1225 Cyri
819 1145 930 1203 contra
964 1138 1102 1225 Scythas
1137 1161 1195 1205 ox·

65 1242 231 1329 peditione
260 1243 423 1329 copiosius
456 1243 558 1308 uerba
584 1243 703 1309 fecisse
735 1265 833 1329 supra
863 1243 1197 1321 commemorauimus‚

64 1346 104 1411 de
143 1346 216 1411 istis
256 1346 406 1429 Tomyris
443 1347 567 1412 insidiis
604 1349 684 1412 nihil
718 1348 868 1412 tradidit:
907 1347 1033 1412 scilicet
1070 1349 1197 1434 Trogus

63 1452 163 1515 aliam
187 1450 284 1514 huius
306 1450 385 1515 belli
408 1452 597 1516 memoriam
620 1473 693 1515 cum
716 1449 878 1516 Herodoti
901 1451 1085 1516 narratione
1109 1473 1197 1516 com-

63 1555 208 1620 miscuit.

128 1814 163 1882 4.
193 1815 304 1878 Front.
319 1812 364 1893 II,
380 1817 410 1894 5,
426 1815 477 1879 36.
785 1812 864 1877 lust.
879 1813 986 1896 XLII,
1002 1818 1032 1897 4,
1050 1816 1077 1880 7.

67 1933 604 2013 VentidiasPartlrosctLabc'caam,
656 1930 800 2015 (Parca)
834 1934 959 1998 Pacoro
995 1934 1077 2000 duce
1114 1935 1197 2000 irrita

62 2043 191 2106 alacres
233 2037 437 2104 successibus
471 2038 603 2103 uictori·
655 2056 722 2099 caaz
744 2035 883 2102 Labieno
904 2039 1045 2102 socictate
1069 2038 1196 2124 Syriam

60 2165 176 2219 arum,
205 2143 280 2206 dam
302 2159 373 2205 saos
399 2142 465 2221 ipse
481 2161 542 2222 per
563 2142 606 2205 sc'-
656 2146 689 2202 et
703 2139 816 2203 Asiam
831 2148 1004 2207 uastauere
1025 2149 1195 2228 castraque

60 2247 265 2311 mutationem
317 2248 415 2308 metas
463 2245 605 2322 continet,
662 2241 799 2306 Vcatc'dc'c'
822 2295 829 2308 .
855 2290 862 2306 .
886 2265 1004 2329 magna
1027 2247 1112 2310 mole
1137 2247 1194 2310 ad-

61 2350 218 2416 euocauit
256 2353 288 2412 et
322 2348 355 2411 in
387 2348 458 2412 loca
494 2348 605 2433 iniqua
655 2346 856 2431 gradiuntur.
897 2346 963 2412 Sed
978 2349 1033 2413 ille
1048 2351 1195 2424 circulato

60 2453 222 2518 deductos
252 2450 427 2536 adgressus
458 2472 516 2536 per
546 2452 603 2516 ob·
655 2449 762 2514 clarore
784 2449 840 2513 dia
861 2452 1015 2516 continuit
1036 2473 1067 2518 sc
1090 2461 1123 2519 et
1146 2454 1195 2518 in-

59 2557 247 2644 reptionem
262 2555 344 2620 adeo
365 2554 553 2635 debellauit,
569 2563 605 2620 ut
656 2554 776 2617 sultare
798 2553 936 2618 Parthos
961 2557 1196 2643 aliquantisper

60 2661 219 2725 destituto
257 2659 403 2723 Labieno
437 2659 605 2738 procincta
654 2678 770 2742 passus
800 2663 860 2720 est.
916 2657 968 2722 Ad
996 2666 1195 2745 postremum

58 2763 242 2828 accederent
263 2761 386 2825 Parttc'.
654 2761 688 2824 in
714 2782 846 2825 securos
876 2762 1045 2848 laetosque
1069 2770 1194 2849 partem

654 2863 819 2949 legionum
841 2866 959 2946 emisit,
976 2888 1110 2952 quarum
1132 2868 1193 2930 im-

651 2974 729 3055 petu
761 2967 826 3032 fusi
849 2965 965 3033 Partiri
997 2971 1032 3032 ia
1064 2969 1192 3034 diuersa

650 3071 761 3137 abiere.

153 3204 279 3279 Quibus
303 3225 368 3268 non
389 3203 495 3268 habeo
519 3203 595 3288 quid
618 3202 741 3268 addam.

129 3461 162 3529 5.
190 3460 300 3524 Front.
318 3458 363 3540 ΙΙ,
382 3448 431 3539 11.
449 3459 477 3524 3.
796 3456 876 3524 lust.
892 3456 951 3540 XI,
970 3462 1000 3542 5,
1019 3465 1045 3524 1.

63 3580 253 3647 Alexander
284 3578 415 3644 deuicta
441 3579 606 3665 perdomi·
651 3579 842 3644 Alexander
851 3580 1049 3668 proficiscens
1062 3578 1105 3644 acl
1113 3577 1191 3644 Pcr-

62 3693 159 3770 taque
189 3684 329 3748 Thracia
356 3687 463 3764 pateas
491 3682 606 3746 Asiam
649 3683 957 3748 stcaazbcllaac...3:
974 3703 1059 3765 repes
1073 3685 1190 3769 stipen-

63 3791 187 3854 ueritus
204 3809 245 3852 ne
266 3794 340 3874 post
357 3787 461 3873 ipsius
480 3785 604 3851 disces·
649 3786 769 3850 diarios
801 3787 1034 3874 conspectioris
1067 3787 1191 3871 ingenii

64 3915 135 3956 sum
159 3897 364 3957 sumerentur
392 3911 499 3971 arma,
521 3910 605 3974 repes
648 3890 691 3953 ac
720 3891 932 3954 commilitium.
959 3909 1059 3952 scarum
1085 3890 1191 3971 tradit,
