2716 4746
498 340 710 401 „39-

9 546 14 551 ·
130 526 336 604 Plutarchum
376 525 473 588 simili
511 525 600 590 fonte
633 526 787 614 primario
823 549 861 592 ac
896 527 1040 612 Trogum
1075 548 1170 591 usum

15 635 22 672 ἓ
70 650 122 693 csse
141 651 179 694 eo
203 628 359 708 efficitur,
382 627 468 713 quod
490 627 657 694 Plutarchi
680 625 767 695 πιὼν
789 625 876 713 ὕδωρ
898 626 1023 717 ψυχρόν
1044 632 1170 697 fontem

9 740 24 776 '³
68 733 162 798 indicat
172 739 206 798 et
216 731 411 797 Plutarchus
424 753 552 817 quoque
562 732 1003 820 MacedonemPolystratum
1013 737 1169 823 appellat.

129 856 289 939 Magnam,
313 874 397 938 qnae
420 852 537 917 deinde
559 853 646 938 apud
668 853 814 918 Curtium
837 857 993 942 sequitur,
1017 857 1169 921 lacunam

11 961 23 984 ⁷
70 979 99 1022 ur
116 960 159 1024 cis
181 958 271 1038 solis,
294 977 378 1041 quae
401 956 547 1020 Iustinus
562 962 596 1020 et
611 954 806 1023 Plutarchus
825 958 865 1024 de
881 958 991 1025 Dareo
1008 961 1168 1027 moriente

69 1064 250 1150 scripserunt,
274 1059 487 1145 supplendam
511 1080 585 1124 esse
609 1056 738 1126 censeo.

9 1254 22 1347 f
130 1288 160 1356 7.
181 1287 233 1352 De
257 1308 382 1352 morum
405 1285 656 1350 commutatione
680 1293 713 1351 et
735 1288 864 1351 luxuria
886 1286 1077 1351 Alexandri.

12 1373 17 1377 ’
163 1409 244 1474 rust.
267 1407 346 1488 uu,
370 1410 399 1488 a,
423 1409 451 1470 a.
759 1407 848 1472 curt.
872 1407 932 1490 vr,
956 1410 986 1490 c,
1010 1412 1039 1472 4.

10 1547 18 1585 :-
68 1521 124 1590 Post
139 1529 217 1594 haec
232 1527 424 1593 Alexander
438 1526 577 1592 habitum
632 1528 848 1613 (Alexander)
876 1549 1074 1617 purpureum
1102 1529 1170 1593 diu-

68 1645 147 1707 ννρνυι
160 1631 332 1700 Persarum
346 1635 375 1696 ct
389 1630 576 1711 diadema„
629 1631 719 1695 damu
745 1632 934 1697 distinctum
957 1633 1049 1712 albo,
1077 1632 1171 1713 ρααλο

67 1729 130 1795 αλδ
157 1736 192 1798 ia
226 1735 305 1818 layas
339 1754 460 1808 οοναυτ,
501 1752 577 1815 paros
628 1734 756 1799 Dareus
783 1734 947 1814 habuerat,
979 1735 1078 1822 capiti
1107 1735 1169 1801 cir·

66 1829 166 1917 ῑδιααλ,
188 1840 347 1918 transiret,
371 1836 522 1902 adsumit.
630 1838 815 1905 cumdedit.
830 1889 838 1905 .
851 1889 858 1904 .
873 1860 916 1904 nc
929 1860 1025 1904 omen
1037 1837 1167 1925 quidem

629 1943 766 2023 ueritus,
790 1941 875 2027 quod
896 1965 918 2008 ο
937 1942 1065 2007 uictoris
1089 1943 1167 2008 iusi·

627 2046 741 2129 pathus
769 2046 804 2110 iu
826 2045 939 2110 deuicti
951 2045 1167 2111 transiretis

629 2151 735 2216 bitum.
1051 2207 1054 2212 .

62 2248 154 2314 emtus
186 2269 305 2332 quoquc
345 2267 417 2314 auos
455 2251 578 2335 λουραυι
632 2257 666 2317 7:
688 2252 814 2318 Amicos
835 2272 908 2317 υονο
925 2259 958 2318 ct
975 2252 1101 2339 equites
1116 2303 1123 2319 .
1137 2302 1166 2319 ..

60 2355 215 2422 δαέρα...
237 2371 356 2416 sumere
377 2352 470 2417 ‘iubet
630 2355 767 2420 Persicis
791 2362 964 2422 ornauerat
985 2355 1129 2420 aestibus,

59 2442 94 2514 Ut
104 2455 211 2521 luxum
223 2477 350 2542 quoquo
363 2458 447 2539 sicut
457 2458 577 2522 cultum
630 2463 665 2524 8:
696 2460 825 2525 Pelices
856 2457 971 2522 000
1001 2465 1034 2524 et
1062 2456 1166 2540 LXV,

61 2548 220 2626 Persarum
258 2561 456 2641 imitaretur,
494 2560 578 2624 inter
629 2563 766 2628 totidem
796 2569 875 2648 quot
903 2561 1005 2627 Darei
1027 2554 1167 2645 fuerant,

60 2664 205 2740 paelicum
217 2665 381 2749 regiarum
393 2686 511 2750 greges
526 2715 534 2731 .
547 2715 577 2731 ..
630 2667 754 2752 regiam
776 2666 955 2752 inplebant.

58 2768 185 2832 noctium
207 2769 297 2833 uices
321 2767 445 2833 diuidit.

59 2864 100 2933 12:
132 2876 239 2935 tantus
275 2892 345 2953 opes
389 2870 493 2935 amitti
528 2868 578 2933 us
630 2869 663 2930 9:
681 2863 1168 2946 plurumissamuietoriu,quom

56 2975 187 3053 amous,
211 2995 275 3039 νυνι
297 2975 408 3056 quaeri
429 2974 534 3040 sotere.
629 2968 706 3034 bello
727 2986 791 3032 esse
813 2967 997 3048 quaesitum.

55 3076 78 3151 4,
99 3082 128 3141 1:
161 3078 252 3143 Inter
281 3078 363 3143 hacc
398 3075 576 3161 indignatio
629 3077 662 3137 9:
686 3072 768 3136 hacc
803 3071 884 3134 luxu
916 3076 949 3134 et
985 3070 1166 3155 peregrinis

54 3183 185 3247 omnium
208 3183 280 3247 totis
303 3181 416 3247 castris
439 3186 529 3246 erat.
547 3229 576 3246 ..
629 3176 751 3241 infecta
772 3172 917 3239 moribus
939 3179 1070 3238 ueteres
1088 3173 1167 3237 Phi-

628 3280 710 3366 lippi
733 3279 854 3342 milites
868 3328 875 3342 .
889 3326 917 3341 ..
941 3277 1049 3362 palam
1071 3298 1166 3341 auer-

629 3384 784 3449 sabantur
802 3381 931 3463 totisque
950 3379 1062 3444 castris
1083 3402 1167 3445 unus

630 3488 773 3553 omnium
783 3507 898 3551 sensus
914 3506 952 3550 ac
962 3505 1067 3550 sermo
1086 3491 1165 3549 erat.

47 3705 49 3708 y
125 3630 251 3706 Quibus
270 3629 388 3694 similia
403 3628 566 3693 Diodorus
581 3631 662 3709 tul
678 3626 778 3690 habet
795 3625 891 3689 hacc:
916 3616 1037 3712 ἤρξατο
1053 3622 1167 3710 ζηλοῦν

44 3732 98 3824 τὴν
114 3728 278 3821 Περσικὴν
292 3728 416 3820 τρυφὴν
437 3728 494 3795 καὶ
514 3726 572 3819 τὴν
588 3727 800 3796 πολυτέλειαν
820 3728 884 3793 τῶν
897 3719 1056 3792 Ἀσιανῶν
1070 3732 1167 3811 βασι-

41 3838 142 3905 λέων.
160 3889 167 3902 .
184 3888 215 3902 ..
246 3828 317 3900 εἶτα
339 3830 377 3901 τό
404 3858 438 3900 τε
464 3829 626 3921 Περσικὸν
648 3829 793 3920 διάδημα
820 3828 995 3916 περιέθετο
1021 3828 1078 3895 καὶ
1111 3825 1167 3895 τὸν

40 3939 208 4010 διάλεαιον
221 3937 310 4005 ἐνέδυ
325 3939 464 4021 χιτῶνα.
482 3989 490 4003 .
508 3989 515 4003 .
532 3989 540 4003 .
563 3935 697 4003 διέδωκε
711 3933 818 4001 δὲκαὶ
832 3938 903 4014 τοῖς
917 3929 1059 4022 ἑταίροις
1072 3957 1167 4021 περι-

39 4040 230 4133 πορφύρους
243 4039 361 4122 στολάς
373 4094 380 4109 .
394 4093 401 4108 .
415 4093 423 4108 .
446 4037 531 4128 πρὸς
553 4040 589 4106 δὲ
603 4041 731 4118 τούτοις
747 4035 806 4120 τὰς
819 4034 1026 4116 παλλακίδας
1045 4031 1168 4120 ὁμοίως

36 4152 86 4238 τῷ
108 4144 240 4234 Δαρείῳ
267 4142 455 4236 περιήγετο,
482 4142 538 4212 τὸν
563 4143 622 4229 μὲν
644 4139 789 4230 ἀριθμὸν
808 4136 908 4223 οὔσας
932 4135 990 4208 οὐκ
1015 4136 1168 4221 ἐλάττους

36 4250 167 4347 πλήθει
188 4252 252 4319 τῶν
273 4246 358 4326 κατὰ
378 4245 436 4319 τὸν
456 4243 602 4318 ἐνιαυτὸν
619 4241 755 4337 ἡμερῶν,
778 4242 889 4315 κᾶλλοι
907 4245 944 4315 δέ
960 4245 1166 4332 διαπρεπεῖς,
