2716 4746
631 321 845 384 ..48-

175 531 287 578 eorum
313 511 561 598 praefectosque
588 518 623 576 et
645 530 714 575 om·
765 511 921 593 wieres
956 506 999 574 ud
1037 509 1175 576 tutelam
1206 505 1276 594 regui
1343 509 1353 544 ⁵²

174 637 250 691 nes,
272 615 389 701 quibus
410 614 584 680 uidebatur
605 617 714 679 inesse
766 613 926 694 relinquit.

175 743 253 785 cura
261 719 427 783 detractae
436 717 717 787 libertatisaecum

173 825 266 888 uelut
299 822 432 886 honoris
470 843 569 886 causa
599 824 717 896 traci&

174 924 374 1010 ignobilibus
390 930 500 988 autern
516 925 638 1000 relictis
652 926 719 1006 ple·
765 925 772 1004 j

175 1028 256 1092 beina
270 1025 425 1111 praefecit
439 1034 644 1097 consecutus.
668 1029 717 1092 uti

174 1133 340 1218 principes
370 1130 538 1195 benefieiis
563 1132 634 1196 eIus
657 1131 716 1195 ob-

175 1236 279 1300 stricti
312 1235 392 1298 nihil
425 1255 546 1299 nouare
583 1236 717 1313 uellent,

175 1337 268 1425 plebs
290 1359 369 1402 uero
392 1359 434 1401 ue
457 1345 571 1423 posset
586 1337 717 1423 quidem

176 1441 314 1527 spoliata
335 1440 548 1527 principibus.

261 1561 355 1625 Haec
389 1582 516 1646 quoque
551 1561 637 1647 apud
672 1569 799 1627 ceteros
831 1567 980 1625 auctores
1009 1559 1132 1626 frustra
1154 1582 1305 1646 quaeras.

178 1665 295 1730 Iustini
330 1682 416 1746 repes
448 1665 671 1745 stipendiarios
704 1664 838 1729 eosdem
877 1685 970 1743 esse,
1008 1685 1090 1748 qnos
1129 1663 1308 1730 Frontinus

180 1767 339 1832 Thraciae
364 1788 460 1852 reges
483 1770 638 1848 nominat,
661 1770 695 1832 iu
718 1769 830 1833 oculos
852 1767 997 1833 incurrit.

262 1991 295 2058 6.
318 1990 484 2078 Deinceps
508 1990 548 2056 de
564 1991 650 2055 facto
666 1990 835 2077 praeclaro
851 2009 996 2074 agamus,
1013 1987 1098 2072 quod
1113 1988 1157 2052 Μ.
1171 1989 1312 2054 Porcius

177 2094 259 2159 Cato
283 2094 432 2160 Censorii
454 2096 540 2159 filius
563 2095 597 2158 iu
619 2115 730 2180 pugna
752 2093 837 2179 apud
859 2091 1007 2178 Pydnam
1035 2099 1148 2157 eontra
1169 2093 1312 2174 Persen,

178 2198 394 2264 Macedonum
417 2221 539 2285 regem,
556 2200 731 2262 commissa
750 2196 860 2262 edidit.
905 2195 957 2261 De
981 2218 1043 2281 quo
1068 2198 1219 2283 exemplo
1243 2198 1312 2262 iam

177 2300 348 2388 Kempfius
362 2302 400 2384 1);
433 2302 597 2379 »Possis«,
622 2302 735 2386 inquit,
759 2301 939 2386 »suspicari
963 2321 981 2364 e
1005 2299 1140 2365 Catonis
1165 2302 1313 2366 censorii

177 2405 258 2485 uita,
282 2425 378 2490 quam
402 2406 561 2491 singulari
583 2404 694 2469 libello
718 2404 906 2490 amplexum
927 2425 961 2467 se
978 2424 1052 2468 esse
1074 2404 1146 2490 ipse
1169 2410 1314 2469 testatur

180 2507 352 2573 Cornelius
370 2507 509 2595 (Nepos)
526 2509 559 2572 iu
575 2508 728 2573 breuiore
751 2507 809 2571 illa
823 2505 957 2571 Catonis
979 2507 1050 2571 uita
1069 2505 1175 2571 adhuc
1191 2528 1311 2594 super-

178 2613 254 2676 stite
289 2633 358 2699 cap.
383 2615 418 2692 3,
451 2613 586 2677 fluxisse
622 2610 725 2696 (Vel.)
757 2609 950 2690 111,2,1o
984 2608 1071 2694 quod
1106 2608 1312 2675 fortitudinis

181 2717 345 2802 specimen
370 2715 488 2780 Catoni
510 2716 595 2796 filio,
617 2737 683 2779 non
705 2715 769 2801 ipsi
792 2715 876 2800 patri
899 2713 1105 2777 tribuendam
1128 2719 1212 2795 erat,
1244 2715 1312 2779 uisi

180 2820 243 2884 hoc
265 2821 374 2907 potius
398 2841 417 2884 a
438 2819 597 2906 Pompeio
620 2818 728 2904 Trogo
752 2818 910 2903 accepit«.
945 2816 1052 2881 Certis
1075 2824 1186 2881 autem
1207 2839 1310 2905 argu-

178 2925 296 2989 mentis
326 2924 387 2988 hoc
411 2925 598 3010 exemplum
627 2944 645 2987 e
668 2923 775 3008 Trogo
798 2923 934 2986 fluxisse
962 2921 1179 3015 demonstrari
1208 2944 1311 3008 posse

179 3026 315 3093 conlido.
895 3045 897 3050 ’

301 3147 412 3211 Frout.
428 3146 487 3226 IV,
504 3151 533 3228 5,
553 3150 601 3212 17.
864 3146 943 3211 Iust.
959 3146 1122 3227 XXXIII,
1139 3149 1168 3228 2,
1185 3150 1212 3212 1.

178 3264 228 3334 M.
264 3266 354 3344 Oete,
389 3267 531 3333 Censorii
550 3267 653 3348 filies,
682 3267 718 3330 in
769 3267 813 3331 Ic
830 3286 867 3329 eo
882 3287 990 3349 pupae
1005 3266 1056 3333 M.
1075 3265 1159 3344 Oete,
1175 3267 1312 3334 Catonis

178 3370 244 3434 acie
270 3369 424 3434 decidente
451 3391 527 3452 eque
547 3370 719 3451 prolapsos
771 3371 908 3434 oratoris
924 3371 1019 3450 filius,
1035 3371 1110 3435 dum
1132 3371 1217 3436 iuter
1231 3393 1310 3436 con-

179 3493 247 3536 eum
277 3491 309 3537 se
340 3473 542 3556 recollepisset
573 3473 718 3537 aniensi-
771 3472 964 3539 fertissimos
995 3475 1108 3540 hostes
1137 3475 1313 3561 insigniter

178 3577 378 3658 uertissetquc
403 3576 544 3660 placitent
572 3576 721 3640 cecidisse
771 3576 918 3658 dimicat,
944 3597 1020 3658 coco
1041 3579 1187 3660 elapsus
1208 3578 1311 3665 pede·

179 3680 329 3760 sepina
360 3681 483 3745 ueritus
510 3679 720 3764 ignominiam
772 3680 1313 3766 streproeliumadgreditur.Nam

180 3782 264 3848 redit
279 3783 312 3845 iu
327 3782 472 3856 hostem;
495 3782 685 3863 exceptisque
693 3781 719 3867 ²)
772 3783 942 3848 cadentem
961 3785 1146 3870 manipulus
1167 3785 1312 3851 hostium

179 3886 299 3966 aliquot
332 3885 516 3949 uolneribus
552 3886 721 3966 reciperato
772 3908 846 3951 cum
876 3885 1005 3951 horrido
1033 3889 1174 3953 elamore
1207 3891 1313 3955 ueluti

181 4017 385 4026 ——-.-—-

251 4091 307 4159 1)1.
326 4109 349 4145 c.
367 4108 430 4160 pag.
451 4090 490 4143 19.

250 4181 272 4245 ²)
293 4176 448 4231 [rectionem
466 4174 608 4229 Incidensis
626 4190 677 4229 sec.
692 4178 865 4246 exceptisque
877 4194 926 4246 pro
946 4194 1079 4247 cecoque
1097 4178 1197 4232 lustini
1217 4179 1312 4233 uerbis

181 4263 271 4322 nutritis
289 4264 453 4328 cculneribos
472 4261 592 4331 exeeptis
611 4262 721 4315 defendi
741 4280 844 4317 censeo.
