2716 4746
649 321 839 409 ..6-

180 536 248 601 iere
271 537 374 611 nulla;
398 536 489 599 cuius
513 536 621 622 operis
644 536 1019 621 praetercompendium
1044 557 1063 598 a
1085 534 1211 599 Iustino
1228 557 1305 599 oon-

179 640 301 705 feotum
333 646 508 726 supersunt
534 640 678 724 prologi,
705 640 764 723 ,qui
795 640 993 725 singulorum
1022 640 1177 703 librorum
1208 661 1306 726 argu-

179 751 289 810 menta
311 745 504 809 breuissime
529 743 696 808 exhibent.
745 730 748 736 ¹
778 787 780 790 -
850 822 853 828 Ι
1304 745 1307 748 ’

263 851 363 916 Erres
379 857 505 930 autem,
529 851 558 914 si
573 850 673 935 Trogi
695 850 796 914 libros
820 850 903 936 ideo,
929 851 1003 936 quia
1026 873 1097 915 raro
1120 851 1307 931 laudantur,

178 956 308 1040 ignotos
331 955 400 1020 lere
423 955 525 1019 fuisse
550 955 703 1018 conicias.
749 952 839 1039 Opus
857 954 947 1018 'enim
972 977 1014 1019 ex
1037 955 1175 1020 diuersis
1200 955 1305 1019 Grae-

179 1080 290 1123 corum
312 1059 476 1123 historicis
500 1063 707 1143 congestum,
739 1078 820 1141 quo,
851 1064 887 1121 ut
909 1057 1027 1122 Iustini
1042 1057 1066 1144 ¹)
1089 1058 1199 1123 uerbis
1222 1065 1305 1139 utar,

178 1163 314 1226 oruuu'uur
336 1162 536 1238 sacculorum,
558 1147 672 1242 rapum,
694 1160 858 1224 uutiouuru
874 1160 1121 1241 populorumque
1140 1181 1189 1224 rec
1203 1165 1306 1243 postue

96 1311 101 1321 .
177 1264 381 1341 coutu'ucutur,
404 1262 609 1348 aptissimum
632 1267 711 1339 erat,
736 1282 779 1326 ex
801 1282 864 1346 quo
889 1263 1064 1348 scriptores
1081 1262 1218 1327 Romani
1244 1285 1305 1328 sua

178 1369 353 1432 haurirent.
409 1366 452 1431 Et
483 1366 630 1454 profecto
653 1365 818 1430 Velleium
845 1365 1103 1452 Paterculum2),
1133 1367 1305 1433 Valerium

177 1471 371 1552 Maximum,
399 1471 520 1544 Iulium
542 1469 734 1534 Frontinum
758 1469 857 1554 Trogi
887 1471 979 1535 libris
1008 1471 1097 1536 fonte
1126 1493 1204 1535 usos
1228 1494 1304 1537 esse

178 1576 300 1641 dudum
328 1576 531 1641 intellectum
558 1581 619 1641 est.
670 1573 742 1647 Qua
770 1575 810 1640 de
837 1597 879 1640 re-
905 1597 977 1640 cum
1008 1598 1122 1662 parurn
1151 1583 1303 1641 accurate

176 1681 391 1767 perquisitum
425 1679 481 1760 sit,
516 1679 618 1743 multa
651 1685 726 1743 sunt
762 1680 903 1760 incerta,
939 1686 975 1743 ut
1009 1701 1127 1766 operae
1161 1680 1304 1766 pretium

175 1784 328 1848 uideatur
351 1804 423 1847 esse
448 1781 554 1846 denuo
578 1783 801 1866 quaestionem
832 1783 1022 1863 instituere,
1053 1805 1125 1847 cum
1152 1805 1305 1870 praeser-

175 1887 234 1951 tim
257 1909 333 1973 spes
357 1887 399 1950 sit
420 1886 460 1949 de
484 1884 584 1971 Trogi
607 1886 800 1950 auctoritate
823 1887 962 1951 certiora
986 1888 1085 1951 statui
1107 1908 1214 1973 posse.

261 1989 389 2076 Agatur
411 2011 490 2053 uero
513 1990 547 2052 iu
576 1989 637 2053 hac
665 1991 937 2054 commentatione
966 1990 1007 2055 de
1039 1990 1085 2055 eis
1115 1990 1305 2056 auctoribus

175 2094 330 2158 Romanis
355 2093 442 2174 solis,
463 2094 519 2178 qui
542 2115 600 2157 sua
617 2114 660 2157 ex
676 2092 776 2179 Trogi
798 2093 990 2158 historiis
1020 2093 1306 2181 deprompserunt.

175 2196 260 2260 Nam
282 2197 323 2261 de
352 2197 400 2260 eis
429 2196 659 2282 scriptoribus,
691 2189 746 2280 qui
775 2218 818 2260 ex
840 2195 940 2280 Trogi
970 2198 1122 2284 operibus
1146 2198 1186 2261 ad
1208 2206 1306 2263 natu-

176 2302 277 2364 ralem
300 2300 467 2387 historiam
491 2300 730 2385 pertinentibus
753 2299 947 2382 hauserunt,
977 2305 1056 2366 satis
1087 2309 1237 2367 accurate
1262 2305 1304 2371 A.

175 2403 216 2470 de
240 2403 434 2469 Gutsohmid
456 2405 536 2468 mihi
556 2405 687 2471 uidetur
710 2405 894 2492 disputasse
907 2407 945 2492 ³).

178 2612 181 2617 “
260 2593 327 2660 Sed
348 2597 536 2681 priusquam
562 2595 603 2659 ad
625 2595 730 2681 ipsam
746 2596 972 2680 quaestionem
989 2597 1170 2682 aggrediar,
1194 2599 1306 2667 facere

174 2719 240 2762 nou
262 2720 396 2784 possum
418 2700 496 2784 quin
518 2699 598 2762 uiris
621 2698 820 2763 doctissimis
843 2701 1177 2786 praeceptoribusque
1202 2704 1306 2768 caris-

175 2800 265 2864 simis
288 2800 432 2866 Henrico
454 2801 610 2866 Nissenio
641 2807 674 2866 et
705 2800 868 2867 Guilelmo
901 2802 1156 2884 studemundio,
1185 2807 1241 2890 qui
1272 2814 1307 2872 et

174 2924 209 2968 ro
242 2909 275 2967 et
308 2905 443 2969 oonsilio
478 2905 557 2968 mihi
591 2925 722 2990 semper
754 2912 886 2991 praesto
922 2906 1073 2988 aderant,
1116 2930 1159 2972 ex
1192 2910 1304 2976 animo

174 3008 312 3091 gratiam
334 3008 475 3074 referam
498 3030 594 3094 quam
616 3009 803 3072 maximam.
891 3001 893 3005 ’

705 3293 779 3371 §L

496 3493 499 3498 .
538 3419 587 3475 De
609 3420 748 3476 Valerio
771 3420 934 3476 Maximo.

184 3524 210 3604 ¹-
258 3551 329 3615 Iam
358 3550 565 3637 Kampfius4)
595 3551 765 3616 Valerium
794 3552 974 3617 Maximum
1006 3558 1138 3637 praeter
1172 3560 1301 3619 ceteros

174 3656 349 3742 scriptores
372 3657 458 3721 haud
485 3657 584 3723 dubie
608 3657 752 3743 Trogum
774 3657 967 3744 Pompeium
1000 3655 1116 3721 duceni
1148 3656 1303 3724 habuisse

173 3777 377 3786 ——-.-..--

242 3933 263 3999 ²)
282 3929 314 3985 cf.
334 3930 416 3993 Seck,
438 3929 472 3983 de
494 3930 609 4000 Pompei
631 3930 717 4000 'lhogi
734 3947 874 3999 sermono,
894 3929 1074 3985 Constantine
1094 3931 1174 3995 1881,
1198 3947 1263 4001 pag.
1281 3933 1299 3985 8

173 4016 267 4172 morl
283 4018 373 4157 dicei·
382 4102 427 4156 ue
436 4103 591 4172 fragmento
601 4102 648 4156 ces
658 4102 806 4172 Pompeius
813 4103 919 4172 mogus
931 4102 986 4155 unc
993 4102 1038 4156 aa
1045 4102 1303 4172 glauhwmuigkeic

173 4191 246 4245 ihrer
258 4191 507 4261 geuahrsruiinner,
519 4189 549 4242 in
562 4190 654 4243 annal.
667 4190 762 4258 philol.
781 4191 924 4251 racc-57,
943 4189 1033 4257 suppl.
1043 4189 1069 4241 ll
1082 4206 1146 4257 pag.
1157 4189 1303 4245 179-186.

244 4280 264 4346 ⁴)
283 4277 316 4330 cl'.
337 4277 534 4345 Prolcgorncuu
553 4275 684 4329 editionis
704 4275 838 4342 (llcrolini
858 4277 935 4339 1854)
955 4294 1018 4344 prr-g.
1036 4276 1078 4328 21.
