2716 4746
568 310 780 373 ..21-

144 513 166 582 3.
270 515 444 595 r0u.1‚1,
465 520 491 578 1.
820 516 901 580 rust.
919 516 1028 597 xvir,
1045 520 1074 595 3,
1092 520 1121 580 3.

61 692 66 697 .
143 633 262 719 Pyrrhus,
284 636 424 701 Achillis
447 636 544 715 filius,
568 636 649 723 Epi·
695 635 777 700 Post
806 637 943 723 Pyrrus,
978 638 1116 704 Achillis
1143 640 1240 721 filius,

142 758 191 802 run
209 741 382 828 occupauit.
802 741 837 803 in
869 741 921 805 his
955 743 1036 807 loeis
1073 743 1108 825 (i.
1143 765 1171 808 e.
1207 744 1242 806 in

694 843 810 930 Epiro)
835 845 991 910 consedit.

61 1153 66 1158 ,
198 1069 344 1134 Pluribus
383 1069 423 1134 de
460 1067 579 1150 Codri,
614 1068 868 1134 Atheniensium
893 1070 995 1154 regis,
1029 1077 1132 1135 morte
1146 1070 1242 1171 'mihi

137 1167 336 1255 disputandum
359 1181 420 1238 est.

134 1287 157 1358 4.
265 1295 351 1360 Vell.
368 1294 395 1377 I,
413 1298 443 1377 2,
457 1298 487 1358 2.
847 1294 928 1359 Iust.
944 1295 988 1376 H,
1004 1299 1033 1375 o,
1054 1297 1100 1359 16.

133 1407 225 1479 Eunu
254 1414 320 1495 fere
347 1420 480 1495 ternpore
506 1415 649 1479 Athenon
682 1409 805 1478 ¹Erunt
834 1417 921 1480 inter
952 1416 1175 1481 Athenienses
1209 1425 1243 1481 et
1314 1442 1316 1447 ·

61 1565 63 1569 .
130 1515 173 1581 sub
197 1519 329 1604 regibus
360 1540 432 1584 esse
468 1519 647 1592 desierunt,
701 1517 881 1584 Dorienses
906 1521 1119 1586 simultatium
1147 1526 1241 1584 uete-

127 1638 240 1704 querum
263 1623 397 1686 ultimus
426 1643 483 1687 ren
500 1621 568 1706 ficit
592 1621 647 1687 oc
701 1645 753 1688 res
771 1624 926 1704 offensae,
951 1646 1031 1709 quas
1046 1622 1243 1688 uindicaturi

123 1721 192 1805 drus,
213 1725 376 1791 Melanthi
389 1727 486 1805 filius,
509 1727 561 1791 uir
582 1747 648 1790 non
700 1727 789 1792 bello
823 1727 1003 1793 Dorienses
1045 1729 1085 1793 de
1121 1734 1242 1792 euentu

119 1829 376 1913 praetereundus.
420 1828 550 1916 Quippe
575 1851 647 1894 oum
700 1831 817 1916 proelii
841 1834 972 1896 oracula
1000 1832 1242 1896 consuluerunt.
1312 1883 1316 1895 .

115 1931 360 2001 Lacedaemonii
375 1935 469 2018 graui
484 1933 572 1997 bello
586 1933 647 1997 At·
699 1933 895 2015 Responsum
911 1936 1086 2015 superiores
1103 1933 1185 2018 fore,
1209 1933 1243 1996 ni

114 2039 188 2104 ticos
205 2044 404 2124 premerent,
427 2037 648 2118 respondisset
699 2059 812 2123 regem
826 2038 1078 2103 Atheniensium
1102 2036 1241 2102 occidis-

111 2165 166 2228 que
185 2143 336 2226 Pythius,
360 2161 498 2226 quorum
516 2139 582 2204 dux
605 2141 647 2204 ab
701 2147 784 2206 sent.
831 2141 914 2206 Cum
937 2148 1072 2207 uentum
1095 2148 1185 2204 esset
1207 2141 1242 2203 in

110 2247 199 2312 hoste
224 2253 315 2311 esset
343 2245 489 2325 occisus,
524 2262 573 2308 eos
590 2243 648 2328 fu·
700 2246 834 2326 bellum,
857 2247 1014 2311 militibus
1038 2251 1113 2310 ante
1132 2243 1241 2308 omnio

110 2354 192 2415 turos
203 2349 387 2429 superiores,
410 2346 549 2428 deposito
563 2352 646 2412 ueste
699 2349 846 2415 custodia
896 2351 983 2435 regis
1029 2349 1239 2436 praecipitur.

109 2453 192 2535 repiu
215 2453 415 2540 pastoralem
445 2452 566 2515 cultum
595 2452 645 2516 in·
698 2452 942 2517 Atheniensibus
969 2474 1002 2517 eo
1023 2457 1155 2532 tempore
1184 2471 1241 2514 rex

111 2555 176 2621 duit
205 2556 428 2636 irnmintusque
458 2553 570 2619 eastris
591 2554 644 2618 bo-
702 2555 822 2621 Codrus
843 2560 924 2634 erut,
947 2557 1002 2640 qui
1026 2563 1059 2621 et
1081 2575 1239 2641 responso

110 2659 199 2722 stium
221 2659 264 2722 de
281 2657 646 2744 industrieimpruden-
699 2657 753 2723 dei
795 2665 829 2723 et
869 2660 1054 2747 praeceptis
1096 2659 1240 2724 hostium

113 2768 155 2827 ter
168 2763 273 2827 rixam
282 2761 420 2827 iniciens
430 2762 647 2850 interemptus
700 2762 839 2848 cognitis
864 2767 1044 2844 permutato
1069 2763 1152 2845 repis
1183 2762 1240 2826 lia-

113 2876 166 2932 est.
699 2867 765 2931 bitu
777 2888 953 2953 pannosus,
977 2872 1140 2931 sarmenta
1155 2866 1239 2930 eollo

700 2990 819 3054 gerens
838 2973 943 3034 nostru
956 2969 1088 3034 bostium
1103 2970 1240 3052 inpredi-

698 3076 767 3136 tur:
788 3074 836 3139 ibi
857 3074 890 3137 in
902 3074 998 3138 turba
1011 3073 1240 3138 obsistentium

632 3241 633 3244 ,
697 3199 717 3240 e
755 3177 876 3259 milite,
916 3200 1013 3263 quem
1047 3176 1141 3241 falce·
1166 3181 1240 3241 estu

698 3282 1007 3363 conuulnereueret,
1035 3281 1239 3345 interficitur.

193 3403 245 3468 De
279 3424 343 3488 que
374 3423 409 3466 re
434 3402 473 3466 ol.
495 3401 569 3467 Vel.
591 3401 679 3466 Mox.
703 3403 744 3484 V,
772 3406 809 3482 6,
840 3409 906 3468 ext.
933 3408 966 3467 1:
1001 3403 1076 3467 Rex
1099 3400 1239 3465 Atheni-

113 3509 237 3572 ensium
260 3504 402 3587 Oodrus,
426 3527 499 3570 cum
522 3506 648 3590 ingenti
675 3507 820 3571 hostium
845 3508 993 3571 exercitu
1016 3505 1126 3570 Attice
1147 3505 1238 3589 regio

112 3611 278 3679 debilitate
299 3610 385 3675 ferro
401 3610 534 3695 ignique
550 3617 745 3692 uastaretur,
765 3609 947 3675 diffidentia
969 3609 1102 3674 humani
1124 3609 1240 3672 auxilii

111 3715 148 3780 od
179 3712 344 3798 Apollinis
378 3713 531 3798 Delphici
567 3715 733 3778 oraculum
770 3713 917 3798 confugit
950 3734 1073 3800 perque
1111 3712 1238 3796 legatos

112 3817 295 3883 sciscitatus
322 3824 387 3891 est,
416 3836 556 3900 quonam
584 3815 681 3880 modo
704 3823 772 3880 tam
793 3837 894 3900 graue
923 3815 1004 3879 illud
1025 3815 1149 3880 bellum
1172 3814 1238 3878 dis-

111 3924 176 3987 cuti
198 3926 321 4007 posset.
365 3919 549 4005 Respondit
571 3919 652 3985 deus
675 3921 723 3984 ita
744 3921 843 3984 finem
867 3920 899 3997 ei
921 3920 1006 4000 fore,
1030 3920 1058 3983 si
1080 3915 1152 4005 ipse
1179 3917 1238 3982 ho-

110 4027 176 4091 stili
198 4045 297 4088 manu
320 4023 509 4089 occidisset:
534 4023 620 4109 quod
643 4024 773 4110 quidem
796 4045 860 4087 non
878 4023 1071 4087 solumtotis
1089 4021 1238 4101 Athenis,

111 4129 168 4195 sed
196 4129 230 4192 in
259 4128 374 4192 castris
403 4127 503 4192 etiam
533 4128 703 4191 contrariis
731 4127 949 4214 percrebruit,
981 4146 1084 4211 eoque
1117 4125 1238 4190 foetum

111 4239 171 4315 est,
194 4239 231 4299 ut
255 4231 448 4313 ediceretur,
470 4232 598 4320 nequis
616 4230 715 4300 Oodri
731 4252 848 4320 corpus
865 4231 1063 4298 uolneraret.
1096 4228 1237 4316 Idpost-
