2716 4746
198 102 348 187 Africam
379 106 514 183 traiecit,
549 118 584 173 ut
616 116 738 175 metum
790 122 835 192 ut,
859 115 976 200 quibus
999 116 1032 178 in
1055 118 1126 181 solo
1142 118 1231 183 urbis
1247 142 1343 184 suae

198 212 298 283 metu,
321 207 387 270 uim
411 209 445 272 ui
466 209 653 294 discuteret,
677 236 737 280 nee
790 242 849 305 par
883 242 949 285 non
984 227 1068 301 erat,
1110 241 1216 286 corum
1254 223 1337 288 urbi

199 309 269 374 sine
293 311 421 377 effectu.
467 313 553 378 Num
578 319 738 397 repentino
789 326 901 390 bellum
934 325 1080 410 inferret,
1118 330 1147 389 et
1182 326 1237 407 qni
1266 346 1333 407 sca

196 413 264 475 circs
298 413 438 478 adolente
469 419 605 497 perculsi
639 418 739 485 Poe-mi
789 428 870 493 tueri
891 429 1330 513 competentissimum

195 514 337 580 libenter
360 518 618 587 incolumitatem
645 547 737 589 suam
788 533 894 597 aliona
930 533 1102 618 uictusque
1148 533 1327 614 uictoribus

197 619 302 685 salute
349 621 489 687 hostium
529 626 737 692 redemerunt
788 638 982 704 insultaret.
1001 641 1079 717 „5,
1104 640 1136 700 7:
1162 638 1196 700 tc-
1219 655 1328 716 repen-

190 723 337 803 pactiquc
358 729 433 789 sunt
449 776 562 794 ......
581 752 665 796 nunc
686 733 736 795 ie·
787 744 853 806 tino
887 741 1061 806 Poenorum
1097 745 1180 805 meta
1203 790 1248 819 ..,
1269 739 1330 822 qai

192 823 321 904 ferendo
344 850 423 909 quac
438 832 635 912 potiebatur,
659 835 733 901 dum
786 850 875 910 tanta
913 846 1048 909 aedecio
1085 845 1219 908 hostium
1253 865 1331 924 pcr-

193 927 317 993 clicnos
348 933 457 1012 potius
493 935 616 1000 lacessit
655 961 734 1025 opes
785 951 865 1014 cols-i
885 1001 892 1016 ,
909 1000 916 1013 .
933 998 963 1013 ..
988 951 1017 1030 8,
1044 952 1081 1011 15
1106 970 1180 1012 cum
1208 946 1332 1034 quibus

193 1051 286 1113 luam
308 1053 384 1101 SMS
407 1041 518 1103 luetur·
785 1054 985 1140 Agathocles
1000 1071 1106 1132 pacem
1118 1052 1232 1137 aequis
1245 1072 1332 1116 con-

781 1158 962 1224 dicionibus
981 1156 1068 1241 fecit.

279 1303 346 1367 Vix
374 1313 425 1368 est
451 1305 535 1390 quod
566 1327 716 1370 moneam
738 1306 908 1377 Valerium
940 1303 1110 1368 breuitatis
1147 1302 1254 1366 studio
1288 1303 1329 1365 ct

192 1406 291 1470 insita
312 1407 447 1475 leuitate
459 1410 484 1495 ¹)
508 1431 547 1474 ec
570 1408 745 1475 adductum
768 1431 851 1490 esse,
875 1416 912 1473 ut
933 1407 1111 1494 Syracusas
1134 1406 1257 1470 maiore
1280 1423 1324 1469 ex

195 1515 287 1594 parto
304 1519 479 1597 occupatos
496 1514 661 1600 proderet,
685 1536 757 1578 cum
776 1513 922 1577 Iustinus
946 1511 985 1575 de
1002 1512 1109 1574 cincta
1123 1509 1206 1574 urbe
1222 1509 1323 1573 uerba

192 1612 300 1678 faciat.

279 1743 388 1808 Aliam
412 1745 530 1811 famam
547 1753 678 1811 secutus
703 1754 754 1812 est
769 1746 933 1810 Diodorus
946 1745 984 1829 2),
1001 1765 1074 1808 cum
1096 1743 1180 1807 libro
1203 1741 1318 1807 uicesi-

194 1865 246 1908 mo
277 1846 366 1931 (XX,
393 1851 423 1928 1)
460 1849 500 1915 de
534 1851 718 1936 Agathocle
752 1851 917 1934 rebusque
946 1849 987 1912 ab
1018 1870 1057 1913 eo
1090 1847 1193 1932 gestis
1222 1847 1319 1911 uerba

191 1949 324 2015 faceret.
386 1951 556 2040 Kempfius
594 1952 726 2039 quidem
767 1954 1010 2018 demonstrasse
1048 1950 1112 2015 sibi
1152 1949 1285 2013 uidetur
1296 1949 1320 2032 3)

192 2051 359 2118 Valerium
376 2057 477 2120 multa
500 2078 543 2122 ex
558 2057 694 2121 Diodori
716 2057 809 2121 libris
830 2055 1064 2140 desumpsisse.
1112 2052 1177 2118 Sed
1201 2054 1268 2118 iam
1290 2054 1322 2117 in

191 2155 304 2241 primis
328 2157 425 2223 huius
448 2160 562 2246 capitis
586 2161 714 2239 uerbis,
737 2161 771 2224 in
794 2160 910 2245 quibus
939 2158 980 2222 de
1003 2157 1128 2222 Valerii
1150 2156 1262 2221 indole
1286 2179 1322 2221 ac

190 2260 317 2327 ratione
341 2264 492 2329 narrandi
514 2266 698 2330 accuratius
715 2264 851 2349 egimus,
866 2262 1037 2327 Valerium
1051 2260 1159 2325 fontes
1175 2259 1322 2326 Graecos

191 2363 312 2431 adiisse
329 2368 533 2452 negauimus,
548 2388 630 2453 quae
648 2368 811 2433 sententia
824 2366 995 2431 Oclmanni
1011 2365 1288 2430 commentatione
1296 2365 1322 2450 ⁴)

190 2467 287 2553 plane
311 2471 550 2556 comprobatur.
596 2471 722 2536 Valerii
744 2476 855 2535 autem
878 2475 912 2534 et
933 2468 1051 2532 Iustini
1073 2468 1176 2532 uerba
1199 2468 1227 2532 si
1251 2489 1324 2533 cnm

191 2570 335 2637 Diodoro
364 2575 619 2659 compescueris,
649 2576 746 2646 mire,
776 2576 868 2639 uelut
903 2571 1138 2651 antithesibus,
1169 2571 1257 2635 inter
1290 2594 1324 2637 se

192 2676 418 2741 consentiunt:
442 2680 480 2758 c)
502 2679 575 2744 Val.
598 2679 763 2742 audaciter
785 2677 929 2742 callidos.
983 2676 1064 2739 Iust.
1087 2675 1172 2738 miro
1190 2694 1326 2754 prorsas

192 2778 335 2844 oredcoia.
391 2782 427 2864 (l)
450 2781 523 2845 Vel.
563 2783 725 2862 repentino
764 2782 831 2845 eius
866 2779 1006 2842 aduentu
1044 2778 1181 2858 perculsi
1213 2777 1325 2843 Poeni.

190 2882 271 2947 Iust.
302 2888 332 2946 ct
359 2884 392 2947 ia
420 2885 581 2964 repentino
609 2884 784 2950 Poenorum
810 2887 893 2947 oreta
921 2887 1010 2947 tanta
1032 2882 1168 2946 audacio
1189 2881 1327 2947 bostium

188 2987 333 3066 perculsi.
390 2989 424 3073 y)
446 2988 520 3052 Val.
554 3006 639 3052 occec
671 2987 849 3072 inferendo,
884 3006 964 3067 quoe
990 2985 1181 3065 potiebatur.
1240 2985 1324 3052 lust.

190 3108 295 3153 corum
326 3091 399 3155 orbi
434 3091 546 3156 bellum
563 3087 565 3090 ’
584 3090 726 3175 inferret.
793 3090 828 3166 d)
850 3089 923 3154 Vol.
957 3088 1032 3151 dom
1063 3088 1188 3152 alienas
1213 3090 1327 3168 potius

190 3190 313 3257 lacessit
340 3214 410 3274 opos
442 3214 536 3276 qimai
565 3214 640 3258 scos
670 3198 781 3259 taetre:
835 3193 914 3258 Iust.
941 3196 971 3256 et
988 3193 1043 3273 qui
1064 3210 1124 3255 soa
1149 3192 1231 3255 tucri
1258 3213 1326 3258 noe

261 3439 280 3503 ¹)
299 3437 332 3489 ct'.
355 3437 384 3489 U.
398 3437 572 3504 Koehlerum,
591 3453 647 3504 qna
665 3434 772 3489 ratione
791 3437 821 3489 T.
841 3433 915 3488 Liuii
933 3434 1081 3487 annalibus
1099 3435 1142 3487 usi
1160 3433 1217 3487 sint
1235 3434 1325 3490 histo-

190 3520 240 3576 rici
259 3521 353 3575 Latini
371 3524 456 3590 atque
474 3523 572 3578 Gracci
590 3521 755 3576 describitur
773 3525 833 3585 etc,
852 3521 926 3576 Gott.
946 3521 1021 3584 1860,
1039 3538 1104 3590 pag.
1118 3521 1157 3575 14.

260 3628 282 3693 ²)
302 3626 334 3679 cs.
352 3625 444 3686 Helm,
462 3625 626 3681 Gesehichte
644 3623 779 3687 Siciliens,
797 3626 832 3687 II,
850 3625 909 3678 378.

262 3730 282 3796 ³)
300 3729 317 3782 l.
337 3746 359 3783 e.
377 3745 442 3799 pag.
460 3728 502 3782 22.

260 3835 281 3903 ⁴)
301 3835 335 3887 de
354 3833 465 3890 Diodori
486 3834 571 3889 Siculi
591 3835 721 3897 fontibus,
741 3835 852 3906 Lipsiae
870 3835 945 3897 1869,
964 3852 1026 3904 pag.
1046 3835 1079 3888 57
1098 3853 1157 3904 sqq.
