2716 4746
572 323 781 382 -40,

111 512 167 593 (ο1.
190 511 271 575 Inst.
300 510 409 574 electae
432 509 693 594 piulctritadiais)
712 559 718 572 .
735 556 765 572 ..
790 502 880 591 ὅμως
902 507 938 574 δὲ
961 508 1095 574 πολλῶν

110 611 225 700 direci)
238 607 327 701 αὐτῷ
341 609 650 700 μεμψιμοιρούντων
664 608 798 691 τούτους
811 611 871 696 μὲν
882 617 956 691 ταῖς
971 613 1108 699 δωρεαῖς

110 742 208 784 never
218 713 435 806 (φοβούμενος
448 713 486 783 τὸ
502 712 724 804 προσιόνιτειν
739 720 809 796 τοῖς
825 712 1018 783 Μακεδόσιν
1027 717 1106 782 :O

112 823 167 888 ille
184 843 250 886 non
264 822 396 906 ignarus
413 828 446 886 et
462 821 626 907 principes
649 820 825 885 amicorum
841 827 874 885 et
894 822 1078 886 exercitum
1098 843 1108 905 ρ

111 925 246 1005 offendi,
276 925 414 1009 gratiam
444 924 640 989 liberalitate
670 922 828 1009 donisque
846 940 1003 1010 'reparare
1034 931 1108 1010 tem]

112 1030 190 1116 Ipsa
214 1028 457 1114 comparatione
481 1048 554 1092 oum
569 1015 713 1093 Diodoro
736 1027 823 1091 lancta
842 1027 1050 1093 manifestum
1076 1028 1108 1091 fit

113 1140 181 1198 arte
204 1131 349 1196 Iustinus
378 1137 412 1195 et
435 1129 578 1212 Curtius,
603 1130 657 1215 qui
681 1129 796 1195 eadem
818 1131 977 1195 narranda
1001 1138 1033 1196 et
1060 1153 1108 1195 om

113 1238 299 1322 elegerunt,
330 1234 542 1314 cohaereant,
573 1256 668 1320 quam
693 1241 844 1300 accurate
869 1242 902 1300 et
930 1235 1108 1320 singulam

115 1339 263 1425 singulae
287 1338 469 1403 sententiae
493 1338 578 1402 inter
601 1359 636 1402 se
660 1338 889 1423 respondeant.

200 1541 233 1610 8.
257 1541 308 1608 De
331 1541 489 1606 militibus
511 1540 736 1606 Alexandrum
758 1541 865 1607 redire
889 1544 1093 1628 cogentibus.

226 1654 307 1720 lust.
330 1654 408 1736 XII,
432 1656 461 1736 8,
488 1658 537 1717 12.
818 1653 906 1720 Ourt.
930 1655 990 1738 IX,
1014 1659 1043 1732 3,
1073 1660 1108 1720 11]

113 1757 296 1824 Ostendere
304 1759 386 1823 alius
395 1758 558 1838 canitiem,
568 1757 651 1821 alius
703 1756 835 1822 Intuere
851 1778 980 1838 corpora
995 1778 1108 1841 easeep

112 1861 256 1941 caluere,
269 1862 351 1925 alius
365 1863 652 1940 aetatecoasampte
700 1860 844 1945 perfossa
865 1861 1064 1941 uulneribus,
1094 1869 1107 1927 t

113 1986 253 2046 corpore,
277 1965 359 2030 alius
382 1964 578 2030 cicatricibus
600 1984 652 2027 eec-
703 1964 831 2028 tricilras
846 1965 971 2044 patrie.

113 2068 236 2133 liaustu.

202 2172 329 2235 Similia
352 2170 437 2256 apud
461 2176 588 2235 ceteros
616 2192 682 2234 non
709 2172 862 2256 leguntur
889 2169 945 2256 (cf.
967 2170 1040 2235 Arr.
1064 2171 1106 2252 V,

113 2274 170 2342 καὶ
194 2269 268 2340 οὔτε
289 2277 360 2352 τοῖς
382 2268 531 2357 σώμασιν
547 2268 595 2338 ἔτι
618 2266 773 2352 ὡσαύτως
796 2272 983 2362 ἐρρωμένοι,
1007 2278 1081 2352 ταῖς
1103 2302 1108 2335 ι

114 2405 193 2464 μαις
220 2373 306 2444 πολὺ
334 2373 383 2443 ἔτι
409 2376 532 2460 μᾶλλον
559 2372 832 2466 προνενιμηνότες;
866 2376 962 2442 Diod.
991 2382 1048 2442 94:
1074 2370 1108 2444 ‘C

114 2479 190 2562 τοὺς
224 2478 426 2570 στρατιώτας
463 2484 538 2562 ταῖς
571 2479 715 2563 συνεχέσι
750 2478 935 2569 στρατείαις
970 2506 1108 2547 aucensi

115 2611 188 2665 νοος
209 2584 266 2651 καὶ
280 2638 287 2651 .
301 2638 308 2651 .
323 2637 352 2650 ..
375 2583 408 2650 ἐν
432 2578 548 2663 πόνοις
572 2582 629 2650 καὶ
655 2580 814 2663 κινδύνοις
840 2580 1108 2672 τεταλαιπωρηκό

202 2789 234 2858 9.
257 2790 308 2856 De
332 2764 520 2854 Alexandro
545 2809 587 2852 ex
608 2787 704 2853 lndia
726 2788 893 2854 redeunte.

231 2903 313 2967 Iust.
337 2901 414 2983 XII,
441 2904 489 2983 10,
508 2904 535 2964 7.
824 2900 913 2966 Ourt.
937 2900 997 2978 IX,
1024 2904 1072 2980 10,
1097 2901 1108 2961 5

119 3006 200 3072 Inde
235 3006 294 3069 iter
325 3009 467 3070 terrestre
496 3000 653 3088 facturas,
705 3005 874 3070 Leonnato
905 3003 1021 3069 deinde
1051 3024 1108 3088 pra

117 3130 185 3175 αιινι
206 3108 300 3172 eride
323 3109 389 3173 loca
411 3108 510 3174 medii
527 3109 653 3172 itineris
705 3111 740 3171 at
749 3110 860 3187 puteos
871 3106 999 3190 foderet,
1023 3125 1108 3187 ριιιιι

118 3213 313 3292 dicerentur,
333 3217 443 3293 puteos
463 3211 653 3299 opportunis
704 3210 816 3273 itinere
867 3209 1017 3273 ducturas
1061 3230 1108 3272 ern

118 3317 200 3381 loeis
221 3316 293 3398 [ieri
315 3313 491 3401 praecepit.
704 3313 929 3378 uidebatur-
943 3311 1055 3392 ααιρρι
1079 3311 1107 3375 si

705 3437 789 3498 νοριο
805 3464 837 3482 ..

207 3522 329 3588 Contra
351 3524 509 3587 Arrianus
533 3521 606 3606 (VI,
629 3523 716 3601 20,4
741 3526 774 3584 et
797 3523 848 3600 21,
866 3518 899 3602 3)
922 3523 1038 3603 puteos
1061 3537 1108 3602 noi

119 3625 212 3704 citui,
242 3626 300 3691 sed
324 3627 434 3708 classi,
463 3647 544 3711 quae
567 3630 699 3710 praeter
726 3644 815 3688 oram
842 3621 1035 3686 maritimam
1063 3642 1108 3684 na

118 3728 223 3794 factos
247 3751 320 3794 esse
343 3731 520 3795 memoriae
543 3727 659 3815 prodit.

207 3917 262 3984 10.
285 3916 336 3982 De
360 3918 548 3982 Alexandro
570 3917 692 3981 milites
716 3914 908 3998 castigante.

232 4028 314 4095 Iust.
337 4028 415 4107 XII,
441 4034 490 4111 11,
514 4033 543 4095 8.
831 4024 920 4088 Ourt.
943 4024 986 4105 X,
1010 4026 1039 4102 2,
1064 4026 1104 4086 30

120 4132 334 4215 (Alexander)
372 4131 413 4196 ad
448 4132 658 4214 corripiendos
707 4128 847 4194 Desiluit
876 4126 993 4192 deinde
1025 4126 1108 4191 freni

121 4235 291 4304 seditionis
307 4242 456 4302 auctores
472 4257 487 4301 c
505 4236 658 4302 tribunali
709 4231 863 4298 catanae·
893 4237 927 4296 et
959 4231 992 4295 in
1021 4229 1107 4296 medi
