2716 4746
523 78 735 141 ,17-

99 259 163 340 prm
179 263 307 328 naniam
329 264 455 328 classem
466 265 501 328 in
507 286 604 345 prac-
655 269 792 334 nunidem
808 272 922 334 misens
938 277 1089 351 senatum
1106 265 1197 351 adiit,

98 363 182 430 adium
200 366 353 432 Romanis
369 367 495 433 Ostiam
517 369 602 433 ultro
655 395 753 459 aegre
770 374 886 439 tulisse
904 373 1194 461 Carthaginienses

10 521 12 525 ,
96 468 233 549 adirent,
258 472 386 536 senatui
408 472 531 557 placuit
554 472 601 536 le·
655 477 846 554 adfirmans,
886 479 972 563 quod
1012 480 1124 543 bellrrm
1161 479 1197 540 in

94 579 161 653 gatos
186 575 226 639 ad
255 575 372 639 ducem
403 596 516 639 eorum
542 577 602 657 ire,
654 580 756 644 ltalia
779 602 800 643 a
819 582 984 662 peregrino
1010 603 1079 664 repe
1105 587 1194 664 pate-

93 676 130 757 qui
147 677 287 744 dicerent
309 678 465 766 populum
481 678 601 743 Roma·
654 687 773 747 rentnr.
835 683 886 748 Ob
925 707 1022 770 quam
1060 706 1193 750 causam

91 797 146 846 dum
169 781 256 847 bella
289 783 456 869 suscipere
484 784 602 863 solere,
654 787 789 851 missum
814 809 866 868 se,
890 796 941 870 ut,
965 790 1118 874 quoniam
1137 811 1196 854 en-

91 899 149 964 quac
169 908 227 951 suo
251 886 354 950 milite
382 907 499 970 gerere
522 908 599 974 pos·
651 896 744 954 terno
783 890 880 954 hoste
916 901 1193 977 oppugnarentur,

10 1030 22 1039 .
88 992 136 1050 set:
156 989 292 1070 proinde
317 990 445 1054 classem
460 990 601 1054 Kartha
653 995 798 1057 externis
831 995 964 1058 auxiliis
994 996 1195 1061 iuuarentur·

84 1089 163 1166 tinem
183 1093 373 1156 reducerent.
654 1096 787 1162 Gratiae
824 1118 842 1160 a
874 1104 991 1161 senatu
1024 1098 1195 1183 Carthagi-

10 1204 14 1241 :
654 1200 821 1264 niensibus
875 1208 969 1270 actae
1012 1204 1197 1285 auxilioque

17 1280 28 1395 3¹
651 1304 790 1395 remissa.

13 1420 18 1447 ³
146 1431 217 1504 Quo
240 1430 338 1494 modo
361 1431 475 1494 Liuius
498 1431 583 1495 hanc
606 1454 675 1496 rem
701 1434 901 1513 narrauerit,
930 1435 1112 1499 nescimus:
1147 1436 1195 1499 eis

72 1535 146 1598 enim
177 1535 302 1614 uerbis,
334 1554 417 1618 quae
448 1555 496 1620 ep.
524 1536 561 1598 13
589 1535 743 1620 leguntur
772 1537 856 1617 (enin
882 1536 1196 1618 Carthaginiensibus

67 1642 208 1718 quartum
235 1636 350 1723 foedas
384 1641 568 1701 renouatum
602 1641 661 1712 cst)
697 1660 877 1703 consensus
910 1639 1042 1724 quidem
1077 1641 1192 1721 minor,

64 1763 122 1806 nec
150 1748 261 1806 tamen
292 1741 462 1804 dissensus
494 1741 642 1805 efficitur.
697 1741 748 1805 De
783 1763 917 1805 numero
948 1763 1027 1806 uero
1059 1744 1193 1807 nauium

62 1847 142 1911 certi
170 1846 344 1931 quicquam
374 1847 474 1910 statui
504 1847 562 1910 uix
591 1853 717 1933 potest,
746 1846 898 1930 quoniam
928 1868 971 1910 ex
1000 1848 1194 1912 auctoritate

59 1951 184 2016 codicis
200 1949 369 2015 Valeriani
384 1950 421 2030 F,
446 1950 501 2035 qui
519 1955 638 2014 centnm
654 1950 722 2014 XX
737 1950 847 2032 habet,
870 1956 907 2014 ut
921 1951 1004 2014 hanc
1019 1952 1194 2017 lectionem

56 2056 91 2118 in
116 2060 306 2119 contextum
329 2054 525 2140 recipiamus
548 2075 613 2118 non
636 2055 838 2119 adducimur.

145 2277 199 2342 Ad
231 2279 333 2364 Trogi
367 2240 595 2343 auctoritatem
634 2278 732 2342 etiam
768 2299 807 2341 ea
840 2276 1012 2341 referenda
1037 2276 1191 2342 uidentur

55 2405 144 2464 esse,
169 2404 252 2468 quae
275 2383 315 2447 de
339 2381 475 2446 Cimone
498 2388 629 2446 narrant

54 2505 89 2573 9.
173 2504 249 2569 Vel.
265 2502 305 2583 V,
322 2509 350 2585 4,
368 2510 433 2568 cxt.
452 2506 481 2566 2.
779 2500 1058 2582 Iust.11,15‚18.

54 2676 89 2693 ..
123 2626 179 2711 qui
203 2623 296 2705 patri
326 2627 378 2687 tro
407 2623 599 2703 sepulturam
741 2622 834 2686 cuius
861 2622 1109 2704 nropnitndincnr
1135 2621 1191 2706 fn-

52 2727 251 2792 nclnntariis
270 2727 409 2791 uincatis
423 2746 519 2790 enimc
533 2748 599 2791 non
651 2729 755 2788 trram
767 2727 894 2805 pietatis
909 2726 1104 2791 documenta
1114 2747 1189 2812 pro-

52 2833 224 2897 dubitasti.
240 2852 316 2895 nam
324 2831 385 2896 etsi
394 2830 529 2892 monimo
540 2829 600 2892 tibi
651 2829 818 2893 diderunt:
847 2829 966 2915 quippe
992 2832 1117 2908 patrem
1147 2829 1189 2893 ob

45 2939 161 3017 postea
184 2942 218 3000 et
236 2935 301 2999 ciui
316 2941 350 2999 ct
366 2933 438 2997 duci
457 2932 597 2997 euadere
650 2933 772 2997 crimen
787 2934 959 3018 peculatus
975 2931 1010 2994 in
1026 2952 1190 2996 carcerem

52 3040 205 3124 contigit,
221 3041 295 3125 plus
308 3045 418 3103 tamen
431 3037 596 3121 aliquanto
650 3038 831 3102 coniectum
863 3035 972 3120 ibique
1001 3034 1189 3099 defunctum

36 3143 162 3227 ⁸laudis
202 3143 237 3205 in
270 3163 400 3206 carcere
435 3161 530 3225 quam
563 3140 596 3203 in
649 3131 814 3203 transiistis
849 3140 886 3202 in
918 3157 949 3202 se
979 3137 1118 3202 uincatis
1147 3137 1190 3202 od

51 3248 147 3313 curia
175 3245 351 3310 adsecutus
379 3265 434 3308 es:
465 3250 594 3309 ceterae
647 3244 840 3321 sepulturam
862 3240 998 3305 redemit.

51 3353 142 3418 enim
183 3351 322 3414 uirtutes
374 3346 596 3411 admirationis

49 3462 181 3522 tantum
204 3453 300 3519 modo
322 3452 474 3529 multum,
493 3449 598 3529 pietas

48 3581 132 3625 uero
156 3559 257 3624 etiam
280 3556 399 3620 amoris
422 3555 596 3641 plurimum

48 3669 208 3729 meretur.

137 3789 305 3855 Diodorus
329 3789 415 3853 enim
439 3808 512 3851 cum
534 3785 622 3850 idem
637 3783 745 3848 tradat
760 3783 802 3863 X,
820 3786 860 3847 29
882 3783 933 3847 his
956 3782 1083 3847 uerbis:
1107 3779 1187 3863 (Ki-

47 3899 136 3981 μων)
159 3894 215 3958 i'rcr
237 3887 320 3979 λάβῃ
343 3886 381 3956 τὸ
397 3891 493 3973 σῶμα
516 3890 574 3954 τοῦ
595 3882 722 3973 πατρὸς
737 3883 784 3966 εἰς
799 3882 917 3975 ταφήν,
937 3880 1051 3952 ἑαυτὸν
1069 3881 1117 3964 εἷς
1129 3881 1188 3974 τὴν

48 3993 201 4088 φυλακὴν
224 3994 403 4082 παρέδωκε,
427 3995 500 4057 fons
523 3993 649 4056 Valerii
671 4014 736 4055 non
758 3992 837 4072 luit,
861 3992 1012 4075 quoniam
1034 3989 1106 4053 fieri
1128 3990 1186 4052 uix

965 4093 981 4145 2
