2716 4746
558 319 769 378 -25„.

134 501 205 581 llll,
234 505 349 588 quibus
388 501 571 566 Alexandri
601 503 713 588 Magni
753 510 866 567 contra
897 503 1015 567 Persas
1059 501 1225 587 expeditio

131 614 260 687 narratur,
302 609 404 671 multo
447 607 600 672 maiorem
641 629 737 692 quam
778 608 925 693 plerique
965 605 1066 670 ceteri
1104 606 1228 670 habent

129 711 267 793 ambitum,
307 712 365 777 sed
402 712 500 776 etiam
544 733 586 775 ex
631 712 755 776 ratione
795 719 829 776 et
866 710 980 775 studiis
1018 710 1121 791 illius,
1164 731 1228 794 qua
1338 769 1341 778 .

128 811 224 898 Trogus
247 815 391 901 scripsit,
415 815 533 878 aetatis
558 835 632 878 eum
660 834 725 877 non
748 812 957 878 mediocriter
983 813 1017 876 iu
1045 811 1227 876 Alexandri

126 915 195 980 rebus
215 917 404 983 enarrandis
420 923 587 982 uersatum
603 918 705 981 fuisse
723 923 869 1004 apparet.
913 916 1028 980 Liuius
1052 914 1138 980 enim
1161 936 1227 980 nou

66 1061 70 1064 -
126 1019 194 1084 nodo
215 1021 387 1085 occasione
410 1020 487 1085 data
510 1019 627 1106 (VIII,
651 1023 669 1084 3
694 1026 726 1085 et
749 1023 806 1101 24,
829 1019 932 1099 XLV,
957 1019 989 1104 9)
1021 1019 1108 1103 regis
1138 1020 1226 1083 illius

65 1150 71 1155 ·
125 1125 292 1189 mentionem
315 1124 409 1204 lecit,
442 1122 500 1188 scd
528 1125 626 1188 etiam
651 1124 799 1188 consulto
823 1144 861 1186 ae
884 1123 1026 1208 cogitate
1050 1122 1224 1187 collatione

126 1246 176 1290 cun
193 1228 228 1292 L.
253 1227 385 1313 Papirio
410 1227 550 1292 Cursore
574 1228 661 1291 facta
682 1227 756 1310 (IX,
776 1230 814 1290 16
841 1228 910 1306 fin.)
934 1227 1038 1291 tribus
1062 1226 1225 1312 capitibus
1255 1213 1260 1219 ¹

125 1325 263 1409 (tt-19)
293 1329 333 1394 de
363 1330 434 1393 eius
461 1329 550 1393 uitiis
578 1330 708 1393 fortuna
736 1331 838 1415 copiis
867 1328 997 1394 disertis
1027 1330 1138 1394 uerbis
1168 1352 1226 1394 ex-

125 1435 207 1514 posuit
241 1454 418 1519 quaerens,
452 1434 581 1514 quinam
614 1436 743 1497 euentus
769 1432 924 1497 Romanis
956 1433 1063 1510 retas,
1096 1434 1125 1499 si
1160 1454 1228 1498 cum

122 1533 280 1602 tarandro
297 1536 384 1621 foret
405 1537 561 1616 ballatam,
580 1536 715 1622 fattarae
732 1536 840 1621 fuer-lt.

181 1667 296 1752 Neque
338 1667 438 1750 igitur
480 1667 552 1730 ueri
595 1672 645 1730 est
686 1665 845 1730 dissimile
883 1664 1031 1730 Curtium
1068 1666 1227 1731 rationem

121 1765 251 1836 habuisse
265 1771 374 1855 Trogi,
387 1791 483 1856 quern
490 1770 660 1834 Valerium
676 1769 856 1834 Maximum
864 1771 1096 1856 Velleiumque
1112 1770 1226 1835 Pater-

65 1926 67 1939 .
118 1875 203 1939 culum
226 1897 293 1940 non
313 1896 385 1938 raro
409 1882 542 1939 secutos
565 1896 639 1939 esse
664 1896 762 1961 supra
785 1874 1091 1940 demonstrauimus.

172 2003 218 2067 Ac
240 2002 518 2068 necessitudinem
541 2004 625 2066 inter
638 2001 786 2067 Curtium
804 2009 837 2067 et
851 2002 1010 2067 Iustinum
1025 2003 1227 2069 intercedere

114 2103 244 2172 homines
268 2107 356 2170 docti
378 2106 498 2171 dudum
522 2115 763 2193 perspexerunt
774 2109 809 2188 ι).
853 2107 968 2192 Neque
991 2129 1070 2172 uero
1094 2129 1133 2173 eo
1158 2108 1227 2173 effi-

115 2209 195 2292 citur,
229 2218 266 2276 ut
300 2210 432 2274 Curtius
467 2211 576 2274 omnia
608 2231 665 2274 sua
700 2232 741 2276 ex
774 2210 882 2296 Trogo
912 2212 1073 2292 hauserit,
1106 2211 1164 2276 sed
1192 2220 1231 2276 ut

111 2319 233 2401 uterque
258 2335 445 2397 communes
467 2314 574 2378 fontes
598 2353 640 2360 —
663 2314 747 2379 inter
764 2306 845 2399 quos
865 2315 1023 2401 imprimis
1042 2314 1226 2380 Clitarchus

111 2418 313 2482 nominandus
337 2425 449 2482 est-
474 2417 601 2482 adierit.
648 2418 756 2491 Quare
780 2425 816 2482 ut
837 2418 979 2505 perspici
1001 2419 1120 2505 possit,
1145 2441 1227 2504 quac

111 2520 142 2584 ad
160 2544 215 2587 eos
238 2522 347 2586 fontes
370 2521 555 2586 reuocanda
577 2522 652 2602 sint,
678 2522 728 2586 hic
744 2521 938 2586 breuissime
963 2543 1003 2586 ea
1026 2542 1227 2608 componam,

113 2643 181 2707 quae
205 2626 322 2692 eodem
345 2627 441 2692 modo
465 2627 551 2714 apud
574 2628 735 2692 Iustinum
759 2635 792 2692 et
816 2627 963 2692 Curtium
984 2630 1149 2713 leguntur.

236 2789 317 2856 lust.
544 2790 632 2855 Curt.

134 2909 191 2992 XI,
230 2913 258 2990 7,
282 2913 300 2974 3
325 2933 394 2997 sqq.
478 2911 540 2992 ΙΙΙ,
567 2916 593 2991 1,
622 2913 743 2976 11-18
768 2911 938 2978 Cordium.
1051 2981 1055 2984 ,

231 3026 261 3106 s,
286 3005 367 3088 1-1
568 3028 596 3107 7,
622 3028 654 3101 7;
684 3030 714 3108 5,
742 3029 797 3100 ro;
827 3030 861 3103 4,
887 3030 969 3089 1-2
998 3025 1165 3112 expeditio
1196 3026 1230 3089 in

809 3112 969 3177 Ciliciam.

234 3226 264 3303 8,
288 3224 306 3286 3
330 3244 399 3309 sqq.
569 3226 653 3286 5-6
762 3223 1229 3309 AlexanderTarsiaegrotus.

229 3329 258 3406 9,
282 3329 301 3389 2
565 3330 595 3407 8,
619 3330 659 3390 20
769 3333 876 3391 metus
900 3326 1092 3392 Alexandri.

232 3432 261 3510 9,
285 3433 303 3493 3
548 3434 596 3508 11),
621 3436 639 3494 4
771 3432 934 3496 orationes
957 3429 1148 3494 Alexandri.

768 3543 934 3607 Proelium
964 3541 1097 3607 Issense
1131 3543 1228 3607 nimis

770 3629 916 3694 breuiter
938 3636 1049 3693 narrat
1071 3629 1227 3694 Iustinus.

227 3742 255 3817 9,
282 3740 320 3800 13
540 3743 589 3815 12,
616 3744 652 3802 15
762 3740 953 3805 Alexander
967 3741 1105 3805 feminas
1125 3742 1227 3828 capti-

261 3835 264 3840 “
810 3848 868 3890 uas
892 3827 1014 3906 uisit2).

209 3938 257 4013 11),
282 3937 368 3999 8-9
476 3934 534 4017 IV,
561 3942 588 4018 1,
616 3942 653 3999 15
762 3937 1032 4022 Abdallonymus.

169 4159 189 4223 ¹)
207 4157 240 4210 cf.
259 4173 331 4224 quac
349 4157 449 4209 Kaerst
466 4157 484 4210 l.
503 4174 526 4210 c.
544 4174 609 4226 pag.
627 4157 663 4211 48
680 4157 817 4211 dissemit.

168 4243 190 4313 ²)
210 4243 334 4302 Iustinus
352 4243 539 4307 Alexandrum
558 4261 621 4298 cum
639 4242 783 4299 Leonnato
802 4244 955 4304 confundit.
