2716 4746
173 1289 230 1387 Ea
253 1324 325 1409 ipsa
347 1328 472 1397 aetate,
502 1343 564 1407 qua
586 1321 623 1385 T.
645 1321 761 1386 Liuius
790 1323 831 1387 ab
855 1322 935 1387 urbe
959 1323 1089 1388 condita
1110 1324 1212 1389 libros
1293 1314 1299 1324 ⁶

77 1428 287 1514 composuit,
318 1427 445 1511 Trogus
477 1425 652 1512 Pompeius
683 1426 807 1511 primus
843 1427 987 1491 omnium
1023 1429 1215 1514 scriptorum

77 1533 276 1597 Latinorum
299 1532 398 1595 totius
423 1530 511 1594 orbis
534 1536 704 1613 terrarum,
729 1537 883 1616 quantum
907 1530 1039 1616 quidem
1062 1539 1131 1596 tum
1145 1531 1212 1597 Ro-

78 1637 190 1700 manis
214 1636 410 1715 innotuerat,
433 1634 587 1698 historias
611 1636 814 1722 conseripsit.

173 1739 244 1804 Neo
274 1740 381 1803 minus
414 1760 508 1823 quam
540 1761 608 1818 res,
639 1739 679 1804 de
709 1739 826 1824 quibus
854 1745 989 1824 uterque
1014 1740 1095 1824 egit,
1119 1739 1220 1824 Trogi

80 1843 169 1906 ratio
192 1843 345 1906 narrandi
368 1842 538 1906 abhorruit
559 1841 681 1905 aLiuii
697 1843 823 1906 »lactea
847 1842 1029 1909 ubertate«.
1072 1842 1219 1907 Iustinus

82 1947 174 2010 enim
194 1945 327 2028 Tropaia
348 1946 518 2009 oratioueiu
533 1945 694 2030 quandam
710 1945 866 2026 obliquam
881 1946 1057 2026 exposuisse
1073 1944 1172 2009 tradit
1180 1946 1217 2031 ¹),

83 2049 238 2129 qraoautm
255 2050 291 2111 lu
305 2048 401 2112 Liuio
422 2052 451 2113 et
472 2049 507 2111 iu
521 2048 676 2114 Sallustio
696 2048 938 2129 reprehenderat,
961 2048 1043 2130 quad
1064 2049 1219 2112 cautiones

81 2151 221 2214 directas
239 2172 300 2231 pro
322 2171 381 2216 sua
403 2153 541 2216 oratioue
565 2153 651 2232 operi
672 2172 727 2215 suo
749 2152 913 2216 lusereudo
934 2152 1082 2215 historiae
1097 2151 1219 2215 uadum

81 2255 295 2319 excessissent.

172 2357 260 2421 Liuii
288 2379 367 2422 uero
397 2380 516 2424 nomen
545 2366 578 2424 et
607 2359 692 2445 apud
721 2359 876 2444 aequales
901 2366 934 2423 et
957 2358 1042 2445 apud
1069 2364 1218 2445 posteros

82 2462 188 2525 multo
210 2462 327 2526 elarius
350 2462 452 2526 fuisse
475 2464 592 2526 mirum
614 2469 756 2544 nonest,
780 2485 853 2527 oum
867 2463 1060 2550 praesertim
1076 2462 1216 2525 Romani

81 2565 243 2630 maiorem
267 2588 398 2651 operam
428 2567 526 2631 rebus
551 2567 708 2631 Romanis
735 2588 831 2651 quam
855 2568 977 2631 exteris
1002 2566 1216 2652 impertirent.

83 2669 209 2733 Contra
225 2668 334 2754 Trogi,
359 2691 553 2755 quamquam
568 2692 587 2734 a
603 2670 721 2752 Plinio,
745 2671 800 2755 qui
815 2671 856 2734 de
872 2671 1025 2756 operibus
1048 2668 1089 2733 ad
1112 2669 1217 2733 histo-

81 2773 167 2836 riam
189 2775 370 2838 naturalem
403 2773 628 2860 spectantibus
657 2775 815 2858 loquitur,
846 2777 954 2837 auctor
975 2795 990 2837 e
1012 2773 1219 2837 seuerissimis

82 2877 274 2941 nominatur
283 2877 319 2963 ²),
343 2878 551 2942 historiarum
565 2877 823 2963 Philippicarum
839 2877 964 2940 anullo
980 2878 1076 2964 primi
1092 2899 1123 2962 p.
1141 2876 1217 2943 Chr.

81 3004 118 3045 n.
144 2981 266 3045 saeculi
290 2980 464 3065 scriptore,
494 2981 585 3044 cuius
610 2980 740 3064 quidem
770 2980 845 3044 libri
868 2980 962 3044 nobis
987 2982 1108 3045 seruati
1131 2987 1216 3060 sunt,

80 3084 209 3148 mentio
232 3084 277 3149 fit.
322 3083 510 3148 Posteriora
534 3084 675 3168 denique
699 3091 847 3170 tempore
870 3084 911 3148 ab
934 3083 1059 3149 Iustino
1076 3085 1130 3148 uir
1145 3084 1217 3165 pri-

77 3207 152 3252 scae
173 3187 364 3268 eloquentiae
386 3186 535 3250 laudatur
544 3185 588 3273 ³),
616 3208 764 3250 necnon
788 3189 919 3252 saeculo
943 3188 1055 3272 quinto
1083 3188 1215 3252 ineunte

77 3313 100 3356 a
114 3290 258 3376 Vopisoo
273 3289 401 3374 Trogus
420 3291 515 3354 iuxta
531 3289 731 3369 Sallustium,
747 3291 889 3372 Liuium,
906 3291 1055 3355 Tacitum
1071 3313 1214 3355 comme-

76 3392 274 3477 moratur4).

168 3498 253 3563 Fere
287 3497 387 3562 iidem
421 3504 530 3561 tamen
560 3496 709 3560 fortunae
738 3517 833 3560 casus
860 3496 948 3560 Liuii
979 3503 1080 3581 atque
1114 3496 1214 3582 Trogi

77 3602 174 3669 libris
205 3601 407 3679 acciderunt,
437 3602 556 3687 quippe
580 3601 635 3685 qui
664 3605 798 3686 propter
826 3600 960 3664 nimium
992 3599 1148 3664 ambitum
1179 3603 1213 3664 in

79 3706 312 3792 compendium
346 3706 451 3769 coacti
485 3710 541 3768 aut
574 3705 635 3768 toti
665 3708 721 3767 aut
755 3725 905 3788 magnam
939 3711 1066 3788 partem
1100 3705 1212 3768 interi·
1267 3724 1270 3731 ’

76 3820 153 3879 rent
182 3811 389 3876 breuioribus
417 3811 669 3898 epitomatorum
699 3810 822 3874 libellis
850 3809 891 3873 ab
921 3810 1024 3874 oculis
1055 3810 1213 3873 lectorum

77 3917 251 4004 paullatim
280 3917 443 3982 summoti,
496 3915 549 3979 Ita
572 3915 698 3996 euenit,
713 3995 715 3999 y
729 3920 766 3978 ut
792 3921 825 3978 et
853 3935 1030 4000 paucorum
1056 3913 1212 3977 librorum

77 4021 293 4086 Liuianorum
322 4019 394 4104 ipsa
420 4018 523 4083 uerba
550 4039 570 4081 a
593 4017 688 4081 nobis
719 4018 868 4102 legantur
897 4023 931 4081 et
952 4017 1053 4101 Trogi
1074 4016 1212 4102 Pompei

151 4228 172 4294 ¹)
190 4224 342 4288 XXXVIII,
360 4226 385 4289 3,
404 4227 445 4279 ll.
516 4229 537 4294 ²)
556 4227 613 4278 nat.
632 4223 697 4277 hist.
716 4224 763 4288 XI,
782 4225 823 4287 52,
842 4224 901 4278 275.
973 4226 993 4290 ⁸)
1013 4223 1098 4292 praef.
1118 4223 1141 4275 1.

151 4315 172 4380 Ι>
190 4311 270 4364 Proh.
289 4313 313 4374 2,
333 4312 356 4365 7.
