2716 4746
590 343 779 413 ..r-

63 603 68 610 .
119 541 295 629 perspexit,
324 541 416 606 cuius
440 560 513 606 cum
534 540 693 633 historiis,
708 527 868 626 -quantum
885 565 928 608 cx
943 543 1061 608 Iustini
1078 535 1243 629 excerptis

117 647 229 731 colligi
243 647 369 726 liceret,
384 667 484 731 saepe
501 653 706 730 congrueret.
740 644 841 711 Cuius
859 649 1046 744 sententiaex
1054 652 1246 732 argumenta

114 750 242 836 profert
264 750 354 814 locos
377 750 464 814 inter
487 771 522 814 se
546 749 781 839 comparandos
803 750 876 815 Val.
902 751 961 832 IX,
987 756 1014 832 1,
1040 758 1105 816 ext.
1130 756 1149 814 4
1173 770 1246 815 cum

86 892 90 899 ·
112 854 196 919 Iust.
207 851 402 929 XXXVIII,
420 851 458 916 11)
472 853 587 940 etIlal.
600 853 661 935 IX,
677 855 704 933 1,
718 860 785 920 ext.
798 859 817 917 5
834 876 906 919 cum
918 855 998 923 Iust.
1011 854 1206 933 XXXVIII,
1215 857 1245 919 8.

111 957 210 1022 Idem
231 956 407 1048 Kempfius
427 958 567 1027 coniecit
590 979 647 1022 aas
670 957 796 1021 Valerii
818 960 1038 1040 narrationes,
1067 961 1101 1022 in
1126 959 1244 1044 quibus

112 1061 322 1147 Theopompi
345 1055 572 1125 anctoritatem
605 1082 640 1125 se
672 1063 762 1145 sequi
787 1063 857 1148 ipse
882 1064 1027 1148 profiteri
1049 1063 1197 1146 uidetur,
1228 1085 1246 1128 e

114 1165 230 1250 Trogo
251 1165 409 1251 Pompeio
433 1165 584 1246 fluxisse,
608 1186 703 1249 quem
727 1165 939 1253 Theopompo
963 1169 1139 1254 praecipuo
1163 1168 1246 1234 duce

113 1287 214 1330 usum
238 1288 313 1331 esse
338 1267 417 1330 satis
441 1272 616 1330 constaret.
668 1266 789 1331 Contra
816 1268 875 1332 has
899 1268 1043 1355 Kempiii
1065 1259 1246 1356 opiniones,

112 1371 278 1457 imprimis
309 1376 423 1434 contra
454 1370 647 1449 secundam,
678 1371 724 1435 ita
751 1371 930 1457 disputauit
952 1371 1197 1439 Cutschmidius
1211 1376 1246 1456 ¹),

95 1474 152 1538 *ut
177 1475 264 1538 hanc
288 1475 514 1560 quaestionem
537 1475 644 1539 denuo
667 1476 868 1540 tractandam
892 1498 965 1541 esse
989 1485 1149 1543 censeret.

205 1578 394 1643 Illustribus
427 1579 626 1660 auctoribus,
662 1602 681 1644 a
715 1580 830 1665 quibus
865 1582 971 1645 electa
1000 1582 1091 1646 urbis
1122 1580 1246 1647 Romae

114 1689 369 1766 exterarumque
393 1677 538 1768 gentium
562 1684 649 1748 facta
672 1685 768 1748 simul
791 1706 828 1749 ac
852 1685 939 1749 dicta
953 1693 1135 1752 memoratu
1149 1687 1248 1771 digna

114 1808 152 1850 se
169 1785 350 1870 digessisse
367 1793 508 1851 testatur
519 1786 672 1852 Valerius
684 1788 859 1869 Maximus,
873 1788 1016 1874 Trogum
1033 1790 1247 1855 adnumerare

112 1891 229 1955 nescio
254 1911 296 1954 an
319 1910 390 1953 eam
414 1890 455 1954 ob
480 1912 613 1955 causam
636 1891 850 1973 dubitaueris,
874 1878 959 1977 quod
982 1900 1031 1957 tot
1046 1893 1119 1957 aliis
1142 1893 1247 1956 nomi-

113 1995 213 2059 nibus
237 1995 272 2058 in
293 1995 436 2059 medium
453 1995 589 2081 prolatis
605 1995 639 2059 id
654 1996 771 2082 ipsum,
795 1996 835 2060 de
853 2017 915 2081 quo
932 1997 1049 2081 agitur,
1071 1997 1248 2062 reticuerit.

112 2100 161 2162 At
185 2119 227 2162 ne
250 2097 381 2161 Liuium
404 2097 536 2182 quidam
560 2105 593 2163 et
617 2098 827 2179 Ciceronem,
861 2100 980 2184 quibus
1004 2101 1143 2186 plurima
1174 2121 1248 2164 eum

113 2203 239 2268 debere
263 2210 406 2284 constat,
434 2204 507 2289 plus
539 2204 675 2288 singulis
702 2204 783 2268 locis
806 2204 953 2268 laudauit
962 2203 1000 2288 ²).
1044 2203 1115 2268 Nec
1139 2204 1247 2268 minus

114 2328 237 2391 magna
265 2308 441 2392 illaquam
473 2307 639 2390 congessit
661 2306 832 2393 Kempfius
862 2328 1007 2371 errorum
1038 2308 1131 2393 copia
1161 2307 1248 2371 refu·

114 2418 206 2475 tatur
236 2411 345 2497 opinio
383 2410 476 2495 quasi
503 2410 656 2474 Valerius
691 2410 811 2474 multos
848 2411 949 2475 libros
983 2416 1017 2474 et
1046 2410 1181 2475 Latinos
1217 2417 1251 2474 et

114 2515 264 2580 Graecos
274 2514 301 2598 ³)
324 2520 549 2600 perscrutatus
573 2513 798 2598 indagatorem
821 2535 928 2577 rerum
945 2514 1054 2600 potius
1079 2535 1114 2578 se
1131 2534 1247 2598 gerere

112 2619 260 2683 uoluerit
287 2639 383 2702 quam
411 2623 642 2681 enarratorem.
693 2616 780 2690 Quid
804 2616 890 2702 quod
913 2617 1120 2702 peregrinam
1144 2616 1248 2680 histo-

112 2723 200 2787 riam
220 2722 390 2786 uarietatis
416 2724 552 2802 causa⁴)
574 2723 629 2785 uel
652 2720 784 2784 laxandi
806 2720 1003 2804 leuandique
1021 2720 1122 2783 animi
1143 2721 1249 2805 gratia

113 2827 175 2892 uel
196 2826 384 2890 remissiore
408 2825 552 2909 animo⁵)
577 2845 613 2889 se
637 2830 797 2889 tractasse
820 2825 891 2910 ipse
915 2825 1104 2910 profitetur!

203 2928 296 2993 Idem
323 2950 396 2993 cum
430 2929 463 2992 in
493 2928 631 2992 materia
659 2948 769 2991 rerum
790 2926 1013 2992 Romanarum
1043 2927 1251 3013 congerenda

113 3034 168 3098 eis
200 3034 278 3096 solis
309 3032 497 3096 auctoribus
526 3052 606 3095 usus
634 3032 695 3111 sit,
727 3052 769 3094 ex
802 3030 921 3114 quibus
952 3031 1086 3094 minimo
1116 3030 1248 3114 negotio

111 3135 248 3202 haurire
271 3158 331 3200 sua
351 3139 475 3222 posset,
498 3137 590 3199 uelut
611 3134 754 3219 Polybio
771 3156 836 3199 non
858 3157 938 3198 usus
962 3135 1014 3215 sit,
1036 3135 1094 3199 ubi
1116 3134 1248 3214 Liuium

112 3239 259 3306 adeundi
295 3239 434 3304 facultas
470 3239 547 3302 data
580 3244 687 3317 esset,
726 3259 801 3302 eum
830 3239 863 3301 in
898 3238 996 3302 rebus
1031 3238 1153 3301 exteris
1188 3258 1248 3301 ex·

111 3343 270 3408 hibendis
301 3334 366 3406 non
392 3349 458 3405 tam
489 3339 689 3411 Graecorum
723 3349 892 3405 auctorum
922 3362 1016 3425 quam
1046 3340 1248 3422 Latinorum,

113 3447 330 3534 quiquidem
361 3446 532 3511 materiam
560 3446 690 3511 facilem
717 3452 750 3509 et
776 3444 926 3510 idoneam
948 3445 1159 3530 praeberent,
1192 3466 1247 3508 as-

114 3552 241 3617 seclam
263 3551 366 3616 fuisse
388 3556 502 3614 nostro
525 3550 595 3614 iure
619 3548 901 3632 concludemus⁶).

188 3708 208 3774 1)
225 3705 244 3759 1.
262 3694 285 3758 α’.
304 3704 361 3757 rar.

186 3793 209 3860 ²)
228 3790 261 3845 ef.
279 3790 406 3854 Zschech‚
424 3789 458 3843 de
473 3789 604 3844 Cicerone
621 3791 650 3843 et
668 3788 748 3843 Liuio
761 3788 865 3843 Valerii
884 3789 998 3844 Maximi
1016 3790 1147 3855 fontibus,
1165 3791 1248 3845 Bero-

112 3861 168 3916 lini
188 3860 264 3924 1865,
281 3877 344 3929 pag.
364 3859 397 3913 12
415 3877 475 3927 sqq.

187 3950 208 4014 ⁸)
226 3946 259 4000 cf.
278 3945 404 4009 Zschech‚
422 3945 441 3999 l.
460 3962 482 3998 c.
501 3945 570 3998 thes.
589 3947 613 3998 1.

187 4035 208 4099 ⁴)
226 4031 260 4086 cf.
278 4031 341 4086 Val.
359 4031 380 4094 I,
398 4031 423 4095 6,
442 4032 497 4084 ext.
516 4032 530 4084 1
549 4034 578 4085 et
595 4031 630 4095 Π,
650 4030 690 4100 10,
710 4033 765 4086 ext.
784 4031 808 4084 1.

187 4117 436 4186 Cssdml

187 4209 208 4272 ο)
226 4195 387 4258 Enmunnus
411 4204 523 4273 quidem
548 4204 578 4257 in
601 4203 672 4257 libro
696 4203 956 4272 ›untersuchungen
978 4201 1046 4256 tiber
1068 4201 1113 4254 die
1135 4202 1246 4270 quellen

115 4295 164 4348 des
187 4291 335 4361 Pompeius
357 4292 464 4360 Trogus
490 4293 534 4343 frir-
556 4290 601 4343 die
624 4290 726 4358 grieeh.
746 4309 771 4341 u.
792 4289 858 4343 sicil.
883 4289 1005 4357 gesen«,
1032 4288 1148 4356 Dorpati
1171 4289 1246 4351 1880,
