2716 4746
659 249 870 309 ..12-

199 435 363 519 στρατιᾶς·
400 434 591 513 δεξιοῦσθαι
619 431 655 497 δὲ
683 428 728 510 ὡς
748 428 904 511 ἑκάστους
925 429 984 521 τήν
1005 458 1039 500 τε
1062 431 1236 524 nespulini

199 562 296 623 ροντα
316 532 412 623 μόγις
433 536 488 602 καὶ
511 542 582 602 τοῖν
604 529 795 623 ὀφθαλμοῖν
816 535 1084 623 ἐπισημαίνοντα.

289 668 355 733 Sed
378 667 525 732 Curtium
556 687 684 752 quoque
712 665 774 729 hoc
803 667 875 730 loco
905 667 946 730 ad
969 668 1069 753 Trogi
1102 671 1252 734 auctorita

200 771 419 838 reuocandum
441 793 515 837 esse
538 793 581 836 ex
604 792 643 834 eo
661 770 770 854 colligi
785 777 903 856 potest,
926 772 1011 856 quod
1027 772 1131 837 uerba
1154 775 1223 839 eius
1239 775 1258 838 ir

199 877 333 962 quentia
356 897 429 941 cum
452 874 577 940 Iustino
600 895 699 960 saepe
723 875 793 937 solo
817 883 1012 960 congruunt:
1055 964 1070 972 ,

427 1022 515 1087 Ourt.
1018 1023 1101 1089 Iust.

200 1144 402 1209 intuentibus
429 1143 576 1206 lacrimae
604 1142 738 1208 obortae
790 1162 863 1206 cum
886 1142 1090 1209 lacrimcrcml
1115 1168 1229 1212 omues

201 1252 235 1312 3:
250 1246 737 1332 cl¹imissoqimuul90..Propius-
791 1250 826 1309 5:
854 1245 993 1312 dimissis
1014 1248 1169 1313 militibus
1190 1251 1290 1314 cirum

201 1373 264 1437 que
287 1352 376 1416 adire
399 1351 496 1416 iussis
519 1349 629 1414 aulicis
792 1356 916 1414 stantes
938 1352 1054 1415 anticos
1075 1359 1295 1438 percontatur,

200 1458 235 1520 2:
260 1453 436 1532 inuenietis,
452 1454 566 1538 inquit,
588 1474 661 1516 oum
679 1474 737 1516 ex·
790 1452 999 1518 elementariae
1030 1455 1165 1520 similem
1193 1456 1255 1520 sili
1281 1472 1302 1518 m

202 1581 347 1640 cessero,
367 1558 496 1642 dicaam
519 1555 635 1621 talibas
656 1557 739 1620 uiris
784 1557 912 1637 portari
932 1557 1053 1640 recem?

202 1662 325 1746 recem?
1164 1651 1170 1659 ⁴

201 1770 235 1829 4:
258 1765 394 1829 adiectis
416 1762 594 1841 mandatis,
617 1765 653 1824 ut
674 1781 738 1826 ccr-
792 1764 824 1824 7:
848 1761 900 1825 Ad
923 1769 1126 1847 postremum
1143 1784 1256 1846 corpas
1276 1781 1319 1830 su·

195 1887 260 1950 pas
275 1887 367 1932 satim
382 1866 425 1931 ml
439 1865 644 1931 Hammonem
658 1864 739 1946 lieri
790 1885 843 1928 uia
858 1865 891 1927 in
902 1865 1066 1930 Ammonis
1081 1869 1228 1949 templum
1240 1862 1321 1934 coedi

200 1971 349 2036 iuberent.
789 1968 883 2033 iubet.

203 2078 241 2137 17
252 2097 259 2138 ε
287 2076 479 2141 Persae...
502 2092 567 2137 coa
588 2076 623 2136 al
644 2073 739 2137 aiclo-
789 2071 883 2154 XIII,
906 2078 933 2155 1,
956 2079 989 2137 4:
1024 2095 1137 2139 omnes
1167 2076 1321 2141 barbarae

201 2198 265 2242 rein
294 2181 322 2241 el
351 2177 438 2242 modo
466 2177 594 2255 lostcm,
624 2176 682 2241 sed
703 2184 739 2241 ut
790 2183 906 2262 gentes
943 2178 1041 2264 paulo
1084 2185 1160 2242 ante
1203 2179 1244 2244 ab
1290 2201 1324 2246 eo

203 2282 311 2367 gentis
342 2302 419 2345 suae
443 2280 655 2345 iustissimum
686 2302 737 2345 re·
788 2279 926 2344 deuictae
952 2300 1016 2344 aon
1044 2284 1080 2344 ul
1109 2280 1238 2361 hostem,
1259 2280 1324 2349 ‘sed

200 2406 276 2470 gem
297 2405 376 2449 uero
398 2384 562 2449 desiderio
583 2383 736 2466 lucebant.
788 2391 824 2448 ut
846 2391 1015 2472 parentem
1039 2384 1199 2467 luxerant,

287 2513 403 2600 Itaque
437 2512 540 2577 Ourtii
569 2514 720 2578 lacunam
752 2536 794 2578 ex
822 2513 869 2578 eis
897 2514 1026 2602 paucis,
1062 2535 1145 2600 quae
1180 2513 1329 2582 Iustinus

199 2617 346 2704 praebet,
370 2617 583 2705 supplendam
606 2640 680 2683 esse
704 2639 832 2690 censeo.

289 2847 343 2916 12.
366 2848 418 2912 De
434 2854 537 2913 morte
555 2847 759 2934 Sisigambis,
773 2848 873 2916 Darei
886 2850 1008 2928 matris,
1022 2848 1133 2914 audita
1147 2847 1332 2915 Alexandri

201 2974 293 3018 nece.

330 3082 410 3148 lust.
427 3081 522 3164 XIII,
541 3086 568 3165 l,
585 3087 614 3150 5.
926 3083 1015 3149 Curt.
1031 3082 1073 3165 X,
1091 3087 1120 3165 5,
1139 3085 1188 3149 19.

201 3202 309 3268 Mater
341 3224 469 3289 quoque
503 3202 604 3269 Darei
640 3205 738 3290 regis,
790 3203 842 3267 Ad
880 3204 980 3269 Darei
1020 3224 1148 3291 quoque
1190 3208 1332 3270 matrem

202 3328 285 3393 quae
319 3308 434 3372 amisso
453 3306 522 3388 filio
555 3328 574 3371 a
608 3306 737 3393 fastigio
789 3307 941 3372 celeriter
956 3307 1083 3395 perlata
1098 3313 1149 3372 est
1165 3305 1224 3394 (sc.
1241 3307 1332 3374 fama

201 3417 311 3477 tantae
333 3410 513 3476 maiestatis
541 3410 573 3474 in
600 3411 738 3498 captiui·
789 3411 916 3495 mortis)
941 3462 948 3478 .
972 3461 980 3477 .
1004 3413 1060 3475 24:
1099 3409 1152 3474 Ad
1178 3410 1332 3477 ultimum

201 3520 302 3578 tatem
314 3514 446 3578 redacta
463 3513 658 3597 indalqmlia
676 3514 740 3578 aic-
791 3514 894 3579 dolori
915 3512 1084 3578 succubuit
1107 3513 1331 3599 obuolutoque

201 3617 278 3680 loris
300 3616 332 3680 in
360 3638 432 3682 eam
455 3617 540 3682 diem
568 3616 654 3682 ailae
676 3637 739 3681 coa
791 3619 896 3706 capite
925 3666 965 3683 ..
997 3616 1069 3680 cibo
1110 3616 1233 3703 pariter
1269 3618 1330 3684 ab·

199 3721 412 3802 paenituerat,
468 3721 579 3786 audita
634 3726 738 3786 morte
791 3722 904 3787 stinuit
920 3728 952 3786 et
967 3721 1049 3786 luce.
1089 3717 1221 3801 Quinto,
1236 3727 1330 3807 post·

201 3823 382 3890 Alexandri
412 3831 548 3889 mortem
578 3824 638 3889 sibi
669 3824 740 3911 ipsa
791 3847 888 3911 quam
905 3825 986 3889 mori
1003 3829 1169 3903 statuerat,
1193 3821 1246 3888 dio
1269 3843 1330 3888 ex·

203 3929 377 4009 consciuit,
404 3948 468 3991 non
497 3927 581 4014 quod
610 3928 740 3993 hostem
792 3927 909 3990 stincta
924 3933 983 3993 est.
1011 3927 1166 4013 Magnum
1181 3926 1330 4013 profecto

202 4031 268 4094 filio
284 4031 473 4116 praeferret,
495 4029 553 4095 sed
569 4030 654 4116 quod
671 4032 739 4118 pie·
791 4030 973 4094 Alexandri
987 4031 1197 4114 iaclulqcaliae
1209 4031 1242 4119 in
1255 4051 1329 4094 eam

202 4142 304 4205 tatem
336 4135 395 4201 filii
426 4135 458 4202 in
493 4155 546 4214 eo,
582 4155 678 4221 quem
705 4140 740 4200 ut
792 4133 999 4220 iustitiaeque
1030 4134 1063 4196 in
1086 4153 1199 4199 omnes
1226 4133 1331 4223 capti-

1031 4478 1130 4515 V
