2716 4746
624 75 837 143 ..20-

171 293 252 360 opus
268 270 368 358 Trogi
383 271 417 336 in
433 270 570 336 breuem
589 268 754 358 epitomen
770 268 944 355 redigeret,
969 273 1002 334 et
1015 267 1184 334 rarissime
1200 269 1309 333 uerba.

170 382 320 442 accurate
335 378 421 441 inter
437 398 473 441 se
490 395 669 459 congruere
686 381 941 438 consentaneum
957 373 1009 454 sit,
1024 373 1176 457 quamuis
1188 373 1295 458 paucis

169 482 249 546 locis
279 480 552 566 conspirationem
581 478 794 563 comprobare
823 477 1004 563 possImus,
1034 497 1073 539 eo
1106 476 1235 562 planius
1263 476 1308 538 fit:

169 583 333 648 Velleium
356 583 464 665 'Irogo
488 583 577 646 fonte
603 603 676 645 esse
699 602 804 644 usum.

173 790 203 856 1.
333 784 508 865 Vell.I,1‚
527 788 554 848 1.
878 785 958 849 Iust.
973 782 1095 864 XLIV,
1112 786 1141 860 3,
1161 787 1190 847 2.

174 909 298 985 Teucer,
326 928 390 971 aaa
417 909 555 986 receptus
578 908 709 986 epatre
762 954 820 971 ...
845 911 920 992 post
941 905 1039 970 finem
1063 904 1198 970 Troiani
1223 904 1305 968 belli

172 1011 335 1075 Telamone
369 1009 409 1076 ob
441 985 614 1092 segnitiam
644 1030 709 1073 non
764 1008 913 1072 Teucrum
936 1016 1040 1073 morte
1055 1007 1170 1073 Aiacis
1183 1007 1308 1092 fratria

168 1113 354 1180 uindicatae
398 1110 516 1196 fratris
560 1112 708 1193 iniuriae,
760 1113 903 1177 inuisum
921 1112 1012 1192 patre
1036 1112 1211 1187 Telamoni,
1235 1129 1302 1174 cam

172 1219 309 1300 Cyprum
317 1217 472 1304 adpulsus
482 1215 708 1300 cognominem
761 1235 826 1279 aaa
860 1217 1048 1296 reciperetur
1082 1217 1116 1279 in
1156 1236 1299 1300 regnum,

166 1321 292 1401 palatae
320 1339 396 1384 sace
429 1318 598 1384 Salamiua
630 1339 708 1382 con·
765 1317 902 1400 Cymaea
917 1319 1122 1385 concessisse
1135 1325 1234 1404 atque
1256 1316 1300 1381 ibi

170 1424 284 1488 stituit.
545 1436 546 1440 ’
760 1423 876 1488 urbem
885 1423 1172 1504 nomineaulrmtoe
1175 1420 1302 1503 potam

761 1525 960 1592 Salamara
982 1525 1178 1591 condidisse.

254 1630 380 1695 Eadem
402 1650 456 1693 res
486 1629 527 1692 ab
557 1629 630 1693 aliis
654 1628 807 1694 similiter
828 1636 992 1712 narratur,
1021 1629 1060 1696 cf.
1084 1629 1183 1693 Paus.
1206 1626 1298 1705 VIII,

172 1738 221 1815 15,
240 1737 272 1797 7:
296 1734 369 1812 πῶς
391 1730 428 1798 δὲ
453 1732 592 1817 Τεῦκρος
615 1725 732 1818 ᾤκισεν
754 1726 794 1797 dv
810 1732 980 1816 Salapiae
1003 1730 1037 1796 ἐν
1050 1727 1179 1818 Κύπρῳ
1201 1725 1298 1796 πόλιν

169 1832 314 1925 μηδενός,
338 1830 382 1915 ὡς
405 1829 601 1921 ἀνέστρεψεν
623 1834 659 1900 ἐκ
679 1832 809 1921 Τροίας,
833 1831 1145 1922 ἒνβαλόντοςέννῆς
1160 1829 1301 1914 οἰκείας,·

169 1936 220 2019 τίς
242 1941 271 2005 δ’
285 1934 324 2004 ἂν
346 1934 500 2027 ἐξήλασεν
524 1932 620 2017 ἄλλος
642 1934 730 2027 πλὴν
752 1932 943 2023 ὃΤελαμών
965 1931 1080 2019 ederim
1103 1959 1186 2023 quae
1200 1937 1302 2002 uerba

170 2044 199 2107 si
232 2064 305 2108 cum
339 2043 552 2130 scriptoribus
586 2044 713 2107 Latinis
744 2044 1002 2130 comparaueris,
1035 2043 1117 2108 adeo
1152 2043 1239 2108 inter
1268 2062 1303 2106 se

171 2154 392 2232 congruentes
416 2147 475 2212 hos
499 2146 744 2234 deprehendes,
775 2154 811 2212 ut
837 2148 961 2212 tentem
985 2167 1189 2212 communem
1212 2144 1303 2209 Lati-

169 2274 248 2317 num
271 2252 429 2317 statuenti
451 2251 531 2316 mihi
554 2251 744 2338 adstipulari
768 2252 826 2316 uix
849 2251 991 2317 dubites.

174 2456 206 2524 2.
326 2455 410 2521 Vell.
427 2455 455 2535 I,
470 2459 498 2533 1,
517 2457 546 2520 3.
882 2456 962 2520 Iust.
979 2454 1088 2533 XVII,
1107 2457 1136 2529 3.
1155 2459 1184 2520 7.

171 2575 235 2649 Qui
258 2574 318 2659 (sc.
334 2572 486 2658 Orestes)
510 2595 545 2638 se
570 2576 669 2640 etiam
693 2595 712 2638 a
764 2573 911 2662 (Pyrrus,
933 2575 1072 2640 Achillis
1099 2576 1199 2661 filius)
1222 2575 1306 2642 Del-

169 2678 307 2763 Pyrrho,
327 2677 466 2742 Achillis
489 2677 567 2760 filio,
590 2679 710 2744 ulrtute
763 2678 835 2765 phis
880 2678 1005 2743 insidiis
1044 2679 1201 2761 Orestae,
1247 2681 1334 2745 filii·

171 2781 363 2856 uindicauit;
386 2803 460 2846 nam
569 2781 710 2869 Delphis
762 2782 1036 2868 Agamemnonis,
1071 2785 1157 2849 inter
1190 2784 1308 2848 altaria

172 2907 246 2950 eum
268 2884 444 2950 interfecit.
763 2885 816 2951 dei
837 2887 970 2952 interiit.

245 2990 322 3064 Qui
344 2990 436 3055 locus
465 2989 518 3054 hic
546 2989 772 3074 adiungendus
804 3012 878 3056 esse
902 2991 983 3055 mihi
1004 2991 1195 3072 uidebatur,
1225 2990 1303 3076 quia

172 3093 291 3179 Pyrrhi
313 3093 427 3157 mortis
449 3092 609 3157 memoria
630 3113 831 3180 magnopere
863 3095 1009 3159 uariatur
1022 3095 1058 3179 ¹).
1103 3094 1208 3168 Quem
1232 3115 1307 3159 cnm

171 3200 303 3282 praeter
330 3193 495 3258 Velleium
532 3198 565 3258 et
593 3192 756 3258 Iustinum
785 3195 883 3258 etiam
911 3194 1064 3281 Hyginus
1092 3195 1156 3259 fab.
1183 3197 1243 3259 123
1273 3202 1308 3260 et

172 3299 348 3385 Euripides
378 3300 535 3365 Androm.
566 3303 647 3366 1085
672 3323 741 3387 sqq.
772 3302 812 3367 ab
843 3302 961 3368 Oreste
991 3302 1200 3368 interfectum
1231 3325 1307 3369 esse

172 3409 323 3484 narrent,
352 3405 483 3470 nomine
510 3411 634 3471 mutato
666 3427 731 3471 non
761 3407 940 3492 Pyrrhum,
971 3407 1030 3472 sed
1052 3407 1307 3495 Neoptolemum

173 3514 372 3593 nuncupant.

260 3611 386 3685 Quodsi
416 3614 620 3680 concesseris
643 3614 809 3680 Velleium
837 3615 919 3680 haec
952 3613 1061 3701 Trogo
1094 3613 1231 3700 debere,
1267 3634 1307 3678 ea

175 3735 315 3800 quoque,
338 3736 422 3800 quae
445 3718 543 3802 paulo
567 3725 643 3783 ante
667 3718 829 3784 aVelleio
854 3718 894 3783 de
910 3717 1035 3804 Pyrrho
1058 3724 1242 3799 narrantur,
1266 3716 1306 3782 ad

175 3819 314 3885 eundem
336 3821 460 3886 fontem
483 3829 646 3908 spectant:

248 4013 266 4078 ¹)
285 4011 317 4063 ct'.
336 4011 384 4063 eh.
404 4011 432 4063 P.
451 4010 532 4072 naht,
552 4010 649 4077 Pauly,
671 4011 883 4079 real-encyclop.
905 4010 936 4075 V,
954 4011 1013 4067 541.
