2716 4746
567 298 782 360 ..34-

110 505 200 552 mum
221 485 364 552 madunt.
406 482 490 550 Nam
512 506 586 550 cum
602 491 691 549 creta
713 483 755 548 sd
776 484 867 550 urbis
884 485 1063 552 circuitum
1083 484 1152 552 defu

111 589 189 654 dum
222 589 372 670 deesset,
405 589 494 655 orbis
529 590 630 654 muris
663 589 770 653 farina
801 588 985 655 destinatus
1018 598 1082 656 est.
1136 590 1152 654 Ι

110 700 261 758 auctores
284 694 432 780 exceptis
448 692 609 758 Strabone
626 700 659 755 et
674 693 815 757 Arriano
830 715 966 780 magnos
989 694 1104 758 auium
1119 715 1152 778 gr

111 795 285 861 aduolasse
301 804 435 861 narrant
449 798 647 882 polentaque
662 818 737 861 esse
754 804 878 882 pastas,
899 796 987 881 quod
1002 796 1151 861 faustissi

111 900 293 988 auspicium
314 907 408 966 uates
431 901 637 987 interpretati
654 907 741 966 sunt.

197 1022 237 1087 In
264 1044 329 1108 qua
355 1044 391 1087 re
417 1021 598 1087 enarranda
627 1023 710 1086 miro
736 1021 833 1087 modo
866 1021 1000 1087 Curtius
1030 1028 1133 1097 errat,

111 1124 200 1191 dicat
215 1126 309 1191 haec:
334 1125 456 1190 »Fama
469 1132 530 1204 est,
546 1147 621 1190 cum
639 1147 700 1190 rex
715 1126 830 1190 orbem
844 1125 961 1188 futuris
978 1125 1081 1189 muris
1096 1125 1149 1211 pol

112 1235 149 1293 ut
170 1228 387 1295 Macedonum
410 1251 481 1294 mos
508 1237 575 1309 est,
603 1228 829 1293 destinasset.
846 1252 896 1291 .«:
932 1227 1131 1293 Macedonas

112 1333 146 1396 in
167 1333 304 1397 urbibus
328 1330 506 1397 condendis
535 1338 569 1395 et
589 1332 788 1396 liniamentis
816 1330 1010 1395 definiendis
1038 1332 1152 1416 polent

113 1435 227 1499 solitos
249 1455 323 1499 esse
349 1454 509 1518 nusquam
530 1433 708 1497 memoriae
729 1431 892 1519 proditum
915 1438 976 1512 est,
1000 1433 1099 1496 immo
1120 1452 1151 1494 m

111 1535 309 1602 Macedones
338 1543 422 1601 teste
445 1536 585 1600 Arriano
597 1535 624 1621 ¹)
646 1537 812 1622 polentam
835 1556 946 1599 secum
969 1541 1101 1620 portare
1123 1555 1152 1597 as

112 1646 238 1720 nerant,
262 1662 360 1725 qnam
379 1639 486 1704 Curtii
509 1641 754 1725 neglegentiam
770 1661 835 1704 non
854 1640 965 1724 magni
987 1660 1063 1703 esse
1086 1658 1152 1702 mor

113 1750 201 1831 puto.
235 1743 380 1809 Maxime
402 1750 513 1808 autem
523 1742 677 1808 Valerius
699 1743 807 1828 (cuius
829 1743 883 1808 hic
905 1764 971 1807 non
993 1741 1151 1807 habemus

112 1846 189 1913 Iulii
210 1846 339 1914 Paridis
361 1845 540 1935 epitomen)
564 1853 599 1912 et
619 1846 752 1911 Curtius
774 1848 860 1912 inter
881 1868 917 1912 se
940 1847 1150 1911 consentiunt

339 1984 432 2050 Ourt.
932 1983 1006 2048 Val.

113 2105 216 2171 Fama
251 2112 317 2186 est,
353 2127 427 2170 cum
454 2127 513 2172 rex
541 2106 653 2171 orbem
704 2105 787 2170 Oum
818 2126 879 2170 rex
905 2102 1098 2168 Alexander
1128 2124 1152 2166 u

109 2208 234 2293 futuris
245 2209 489 2290 mwtapolento,
501 2209 654 2274 utMace·
704 2211 738 2273 in
748 2209 901 2296 Aegypto
914 2208 1115 2274 constituere
1130 2229 1152 2270 u

114 2312 236 2377 donum
267 2333 339 2378 mos
366 2319 436 2395 est,
462 2312 653 2390 destinasset,
703 2313 902 2378 architectus
939 2311 1135 2376 Dinocrates

114 2416 225 2479 autam
258 2436 363 2500 propes
405 2417 578 2482 adnotasse
620 2423 654 2481 et
705 2422 826 2483 cretam
863 2438 928 2481 non
966 2415 1105 2480 haberet
1132 2435 1152 2494 1

109 2520 240 2601 polenta
267 2541 330 2586 esse
352 2525 480 2604 pastos:
515 2541 652 2605 cumque
705 2523 796 2601 ίααιιο
804 2518 936 2604 feturae
950 2521 1040 2585 urbis
1055 2519 1152 2582 tiator

116 2624 151 2689 id
166 2648 262 2691 omen
277 2647 336 2712 pro
352 2625 438 2690 tristi
453 2646 474 2689 a
488 2625 652 2712 plerisque
705 2623 890 2704 deduxisset,
908 2627 1023 2711 ingens
1038 2621 1150 2685 autam

117 2737 207 2794 esset
242 2735 427 2816 acceptum,
460 2725 654 2807 respondisse
705 2727 804 2791 titudo
834 2728 982 2815 proximo
1012 2728 1085 2791 lacu
1119 2746 1152 2789 er

117 2838 206 2897 αοέοε
238 2854 388 2920 magnam
422 2833 512 2896 illam
539 2830 655 2895 urbem
704 2831 862 2913 polentam
896 2832 1025 2913 depasta
1063 2830 1123 2906 est,

117 2937 313 3002 αααονιανιινι
344 2936 554 3019 frequentiam
588 2935 657 2999 cul·
708 2938 878 3003 sacerdotes
895 2936 1152 3024 Aegyptiorum⁴

118 3048 240 3124 turam,
266 3041 442 3127 multisque
466 3062 539 3106 eam
561 3039 656 3105 terris
702 3043 823 3125 cretati
846 3051 921 3108 sunt
945 3065 1152 3110 οοααοααιιινν

117 3146 270 3211 alimenta
291 3144 521 3232 praebituram.
707 3148 851 3229 qaenttce
863 3148 1152 3215 cttmeatis‘suffect

706 3251 830 3317 urbem.

205 3383 374 3449 Valerium
404 3382 457 3447 hic
489 3383 700 3450 sinceriorem
732 3383 845 3449 Curtio
875 3386 1062 3451 memoriam
1095 3408 1152 3452 ser

120 3486 336 3553 ePlutarcho
368 3487 487 3573 liquet,
518 3487 572 3572 qui
601 3487 738 3553 eandem
769 3510 838 3554 rem
866 3490 917 3553 his
940 3490 1050 3554 uerbis
1073 3490 1152 3558 desc

120 3587 379 3680 ...αἰφνίδιον
413 3584 544 3678 ὄρνιθες
574 3584 643 3657 ἀπὸ
677 3593 737 3659 τοῦ
767 3595 921 3677 ποταμοῦ
954 3592 1011 3659 καὶ
1042 3596 1152 3683 τῆς-λ

119 3690 245 3783 πλήθει
275 3718 310 3761 τε
337 3689 470 3782 ι’ίπειροι
498 3691 662 3761 sclaomir
685 3694 774 3782 γένος
795 3695 1007 3762 παντοδαποὶ
1029 3697 1086 3764 καὶ
1108 3698 1152 3784 μέ

119 3795 178 3865 ἐπὶ
210 3794 267 3864 τὸν
298 3793 402 3865 τόπον
441 3794 650 3885 καταίροντες
681 3798 810 3888 νέφεσιν
850 3795 993 3879 ἐοικότες
1026 3794 1102 3866 οὐδὲ
1132 3830 1152 3886 μ

120 3895 283 3970 ὑπέλιπον
308 3903 372 3968 τῶν
403 3894 567 3990 ἀλφίτων,
595 3897 680 3969 ὥστε
701 3902 758 3969 καὶ
780 3897 837 3969 τὸν
856 3895 1067 3992 Ἀλέξανδρον
1090 3904 1152 3970 δια.

119 4006 243 4094 χθῆναι
263 4001 348 4094 πρὸς
370 4001 426 4072 τὸν
449 4001 573 4073 οἶιονόν.
612 3999 658 4071 Οὐ
680 4003 745 4095 μὴν
768 3999 850 4071 ἀλλὰ
867 4006 931 4070 τῶν
952 4001 1098 4090 μάντεων
1112 4014 1152 4075 a<

192 4220 212 4288 ¹)
230 4217 262 4271 ef.
275 4217 332 4271 Arr.
346 4215 394 4280 ΙΙΙ,
404 4216 428 4280 2,
439 4217 467 4270 1:
486 4212 538 4266 ὅσα
556 4214 585 4268 ἐν
603 4215 728 4285 τεύχεσιν
747 4211 849 4284 ditmare
868 4217 894 4268 ct
911 4219 1073 4288 στρατιῶται
1096 4217 1152 4288 ἐκόι
