2716 4746
572 361 784 424 ...35...

109 569 359 635 παραινουντιυν
391 543 691 636 (πολυαρκεστάτην
724 543 785 634 γὰρ
818 542 1005 629 οἰκίζεσθαι
1043 542 1141 616 πόλιν
1181 537 1236 613 ὑπ’

116 644 210 717 ‹rivos›
232 650 291 717 καί
315 652 540 717 παντοδαπῶν
562 646 750 736 ἀνθρώπων
772 649 925 738 ἐσομένην
946 648 1083 741 τροφόν)
1106 704 1113 718 .
1138 704 1145 718 .
1169 703 1177 717 .

194 754 323 819 Valerii
363 755 464 841 igitur
503 756 614 820 uerbis
647 755 794 836 proximo
827 755 898 818 ίοοιι
934 775 1052 820 ευιονεσ
1089 762 1239 820 accurate

123 859 313 946 respondent
341 859 508 924 Plutarchi
537 852 606 925 ἀπὸ
635 859 694 924 τοῦ
723 859 878 943 ποταμοῦ
907 858 964 924 καὶ
991 860 1050 948 τῆς
1071 855 1185 948 λίμνης
1208 866 1241 924 et

127 956 298 1027 Valerianis
311 983 524 1027 εοιιαενιοιιιαι
530 961 730 1047 frequentiae
740 969 801 1027 cet.
809 962 1007 1029 Plutarchea
1016 962 1241 1028 παντοδαπῶν

131 1057 300 1152 ἂνδρῶπων
321 1063 476 1153 ἐσομένην
497 1061 626 1154 τροφόν.
662 1066 775 1131 Verba
789 1071 899 1130 autem
915 1065 1002 1153 apud
1017 1066 1186 1132 Valerium
1208 1073 1241 1132 et

133 1167 261 1235 Curtium
283 1171 523 1235 consentientia
544 1171 638 1234 uelut
654 1167 771 1253 futuro
793 1169 882 1247 υνδε,
915 1170 1006 1234 cuius
1031 1170 1136 1235 simile
1158 1171 1241 1234 nihil

133 1270 215 1339 hehet
239 1274 453 1353 Plutarchus,
483 1274 612 1353 polenia
639 1292 703 1337 esse
727 1276 837 1353 postas
867 1281 900 1338 et
923 1274 1083 1354 polentam
1111 1274 1241 1354 deposta

135 1380 166 1439 tel
184 1377 234 1463 (ci.
251 1378 338 1442 Plut.
356 1369 431 1442 οὐδὲ
451 1371 568 1463 μικρὸν
591 1368 754 1440 ὑπέλιπον
777 1377 841 1440 τῶν
859 1368 1028 1464 ἀλφίτων),
1045 1376 1241 1441 aduenarum

135 1475 323 1561 sruJueutiom
342 1488 377 1546 et
391 1500 602 1544 εονιαιυσνιινο
614 1477 814 1563 frequentiae
832 1479 888 1564 (cf.
907 1480 993 1545 Plut.
1017 1480 1241 1568 παντοδαπῶν

81 1626 84 1630 -
140 1573 316 1671 ἀνθρώπων)
334 1622 376 1634 -
392 1585 495 1650 uerba
510 1584 611 1669 igitur
627 1584 864 1649 consentientia
880 1593 946 1648 tom
964 1586 1140 1671 conspicua
1156 1592 1240 1667 sunt,

140 1690 164 1747 rt
179 1695 307 1773 uterque
339 1688 381 1753 ad
407 1710 507 1753 unum
531 1688 736 1773 eundemque
760 1688 882 1753 iontem
905 1688 1057 1752 Latinum
1080 1711 1237 1756 reuocen-

81 1799 86 1805 '
142 1785 182 1853 dns
202 1792 250 1856 sit.

204 1995 236 2063 h.
258 1995 310 2059 De
333 1995 450 2060 litteris
473 1994 559 2060 inter
587 1993 812 2059 Alexandrum
835 1993 1044 2081 Dareumque
1073 2002 1107 2060 et
1132 1995 1241 2060 missis

81 2155 100 2187 p,
142 2099 276 2164 etallatis
299 2098 341 2162 cf.
363 2097 444 2164 Iust.
466 2099 534 2181 XI,
560 2102 608 2166 12.
652 2099 725 2165 Val.
743 2098 806 2181 VI,
831 2104 867 2180 4,
897 2107 962 2165 ext.
987 2102 1015 2163 3.
1069 2098 1158 2164 Ourt.
1181 2100 1241 2181 IV,

81 2242 97 2303 Ξ
143 2200 314 2280 1,7-14;
348 2206 381 2284 5,
416 2206 531 2280 1-8;
567 2208 622 2285 11,
659 2205 789 2269 1-22.
842 2204 937 2269 Diod.
961 2203 1076 2283 XVII,
1105 2207 1160 2280 39;
1191 2210 1240 2268 54.

81 2363 95 2407 Ε
139 2297 201 2372 Plut.
221 2306 319 2372 Alex.
344 2309 396 2372 29.
439 2306 513 2371 Arr.
537 2306 582 2384 ΙΙ,
608 2311 646 2370 14
670 2313 704 2371 et
727 2309 777 2370 25.

199 2408 399 2475 Manendum
420 2416 531 2475 autem
553 2415 605 2474 est
627 2410 750 2474 nullam
774 2431 848 2474 esse
872 2408 1108 2492 differentiam,
1133 2417 1240 2476 utrum

81 2570 89 2612 ἦ
137 2504 165 2574 de
181 2512 311 2598 legatis,
344 2511 399 2598 qui
428 2513 518 2599 pacis
548 2513 754 2578 condiciones
777 2512 923 2594 tradant,
954 2535 995 2578 an
1018 2513 1058 2579 de
1082 2517 1241 2600 epistulis,

81 2655 85 2698 3
136 2615 230 2696 quibus
264 2616 467 2703 perscriptae
502 2617 582 2698 sint,
618 2617 720 2682 uerba
747 2617 841 2697 fiant,
866 2616 904 2694 of.
949 2619 1022 2681 Arr.
1047 2617 1099 2699 II,
1126 2623 1179 2699 14,
1208 2623 1240 2683 l:

135 2705 273 2804 ἆφίνσντο
308 2715 400 2806 παρὰ
427 2715 569 2807 Δαρείου
603 2718 757 2806 πρέσβεις
789 2716 966 2805 ἐπιστολήν
992 2745 1027 2786 τε
1055 2718 1242 2806 κομίζοντες

134 2819 257 2909 Δαρείου
277 2821 337 2888 καί
361 2817 455 2889 αὐτοὶ
479 2816 548 2888 ἀπὸ
571 2819 717 2911 γλώσσης
739 2819 928 2910 δεησόμενοι
951 2848 979 2889 a.
1002 2849 1030 2889 τ.
1054 2821 1079 2890 i.

199 2929 347 2993 Dareum
369 2933 419 2992 ter
441 2949 555 3014 pacem
578 2927 618 2992 ab
634 2928 823 2993 Alexandro
847 2930 982 3015 petiisse
1005 2936 1138 2995 narrant
1159 2929 1240 2994 Dio-

131 3025 213 3096 dorus
236 3030 385 3096 lustinus
401 3029 542 3112 Curtius,
564 3031 615 3095 bis
637 3031 772 3118 petiisse
789 3031 959 3111 Arrianus,
975 3034 1077 3098 semel
1089 3033 1241 3097 Valerius

129 3140 153 3196 et
170 3134 374 3200 Plutarchus.
419 3133 458 3198 In
481 3134 597 3219 quihus
610 3134 780 3199 Valerium
803 3134 843 3199 de
868 3135 1004 3220 singulis
1027 3136 1143 3199 litteris
1167 3136 1242 3200 ideo

127 3235 257 3305 locutum
286 3259 362 3304 esse
388 3238 602 3324 intellegitur,
636 3238 721 3325 quod
754 3261 796 3304 ex
833 3240 1053 3326 compluribus
1082 3239 1241 3325 exemplis

124 3362 213 3408 unum
235 3343 453 3430 proposuerit.

198 3445 273 3511 Uno
296 3452 437 3533 excepto
459 3445 586 3511 Iustino
610 3466 724 3510 omnes
749 3446 925 3533 scriptores
948 3446 1035 3511 belle
1063 3444 1096 3510 id
1119 3445 1242 3510 dictum

120 3550 246 3616 tradunt
276 3548 518 3631 Alexandrum,
555 3570 630 3613 curn
662 3549 837 3614 Parmenio
865 3549 1112 3637 condicionibus
1138 3548 1241 3614 Darei

118 3653 270 3720 utendum
303 3674 378 3718 esse
409 3653 607 3733 censuisset,
639 3652 867 3738 respondisse:
906 3659 940 3717 et
969 3674 1031 3737 ego
1060 3660 1190 3734 uterer,
1213 3655 1243 3718 si

116 3757 429 3824 Parmenio‘essem.
474 3756 579 3833 Quam
601 3757 894 3832 narratiunculam,
924 3757 1077 3841 quoniam
1100 3763 1133 3822 et
1155 3755 1242 3842 apud

115 3861 284 3928 Valerium
307 3866 340 3926 et
362 3859 449 3947 apud
473 3859 621 3924 Curtium
643 3861 778 3944 legitur,
808 3859 908 3944 Trogi
930 3859 1085 3924 historiae
1109 3861 1240 3924 restitu-

115 3965 232 4032 endam
248 3984 334 4046 esse,
356 3965 510 4028 omissam
532 3964 573 4028 ab
592 3965 804 4050 epitomatore
821 3964 958 4044 Iustino,
975 3964 1054 4028 mihi
1071 3963 1241 4028 concedes.

198 4066 353 4132 Valerius
384 4074 417 4132 et
439 4067 633 4131 Plutarchus
661 4065 701 4132 de
718 4067 842 4133 'finibus
865 4066 1075 4148 dissentiunt,
1098 4066 1139 4131 ad
1161 4089 1242 4153 quos

111 4193 217 4258 usque
232 4171 361 4236 Dareus
374 4162 564 4235 Alexandro
581 4177 701 4236 terram
717 4170 897 4237 concedere
912 4172 946 4235 in
958 4171 1065 4235 enirno
1080 4170 1241 4250 habuerit,

110 4276 212 4343 etde
242 4297 378 4340 numero
408 4277 582 4349 talentum,
613 4275 730 4360 quibus
764 4277 913 4362 captiuae
937 4275 1145 4340 redimantur.
1189 4274 1241 4337 De

901 4391 904 4396 .
1001 4378 1036 4431 3*
