<?xml version="1.0" encoding="UTF-8"?>
<!DOCTYPE html PUBLIC "-//W3C//DTD XHTML 1.0 Transitional//EN"
    "http://www.w3.org/TR/xhtml1/DTD/xhtml1-transitional.dtd">
<html xmlns="http://www.w3.org/1999/xhtml" xml:lang="en" lang="en">
 <head>
  <title>
</title>
<meta http-equiv="Content-Type" content="text/html;charset=utf-8" />
  <meta name='ocr-system' content='tesseract 3.04.00' />
  <meta name='ocr-capabilities' content='ocr_page ocr_carea ocr_par ocr_line ocrx_word'/>
</head>
<body>
  <div class='ocr_page' id='page_1' title='image "./detrogipompeiap00crohgoog_0059.png"; bbox 0 0 2716 4746; ppageno 0'>
   <div class='ocr_carea' id='block_1_1' title="bbox 582 320 794 380">
    <p class='ocr_par' dir='ltr' id='par_1_1' title="bbox 582 320 794 380">
     <span class='ocr_line' id='line_1_1' title="bbox 582 320 794 380; baseline -0.005 -16"><span class='ocrx_word' id='word_1_1' title='bbox 582 320 794 380; x_wconf 71' lang='lat'>..54-</span> 
     </span>
    </p>
   </div>
   <div class='ocr_carea' id='block_1_2' title="bbox 51 505 1278 3516">
    <p class='ocr_par' dir='ltr' id='par_1_2' title="bbox 51 505 1239 1641">
     <span class='ocr_line' id='line_1_2' title="bbox 51 505 1231 595; baseline 0 -22"><span class='ocrx_word' id='word_1_2' title='bbox 51 531 57 540; x_wconf 93' lang='lat'><strong>·</strong></span> <span class='ocrx_word' id='word_1_3' title='bbox 118 505 157 575; x_wconf 82' lang='lat' dir='ltr'>M.</span> <span class='ocrx_word' id='word_1_4' title='bbox 179 507 447 593; x_wconf 68' lang='lat' dir='ltr'>Woelfflinusl),</span> <span class='ocrx_word' id='word_1_5' title='bbox 470 509 525 594; x_wconf 91' lang='lat' dir='ltr'>qui</span> <span class='ocrx_word' id='word_1_6' title='bbox 547 508 599 573; x_wconf 90' lang='lat' dir='ltr'>uir</span> <span class='ocrx_word' id='word_1_7' title='bbox 621 505 737 575; x_wconf 87' lang='lat' dir='ltr'>doctus</span> <span class='ocrx_word' id='word_1_8' title='bbox 759 514 849 577; x_wconf 84' lang='lat' dir='ltr'>rocta</span> <span class='ocrx_word' id='word_1_9' title='bbox 872 514 972 595; x_wconf 81' lang='lat' dir='ltr'>negat</span> <span class='ocrx_word' id='word_1_10' title='bbox 994 530 1033 574; x_wconf 87' lang='lat' dir='ltr'>se</span> <span class='ocrx_word' id='word_1_11' title='bbox 1056 508 1120 576; x_wconf 71' lang='lat' dir='ltr'>»do</span> <span class='ocrx_word' id='word_1_12' title='bbox 1141 509 1231 594; x_wconf 76' lang='lat' dir='ltr'>Trogo</span> 
     </span>
     <span class='ocr_line' id='line_1_3' title="bbox 115 609 1232 702; baseline 0.006 -25"><span class='ocrx_word' id='word_1_13' title='bbox 115 610 157 677; x_wconf 93' lang='lat' dir='ltr'>ab</span> <span class='ocrx_word' id='word_1_14' title='bbox 175 611 327 698; x_wconf 86' lang='lat' dir='ltr'>Ampelio</span> <span class='ocrx_word' id='word_1_15' title='bbox 343 611 490 676; x_wconf 88' lang='lat' dir='ltr'>adhibito</span> <span class='ocrx_word' id='word_1_16' title='bbox 513 610 740 696; x_wconf 89' lang='lat' dir='ltr'>quaestionem</span> <span class='ocrx_word' id='word_1_17' title='bbox 762 609 804 674; x_wconf 91' lang='lat' dir='ltr'>ad</span> <span class='ocrx_word' id='word_1_18' title='bbox 826 611 969 678; x_wconf 90' lang='lat' dir='ltr'>lucidum</span> <span class='ocrx_word' id='word_1_19' title='bbox 991 613 1131 699; x_wconf 87' lang='lat' dir='ltr'>perduoi</span> <span class='ocrx_word' id='word_1_20' title='bbox 1151 633 1232 702; x_wconf 76' lang='lat' dir='ltr'>postu</span> 
     </span>
     <span class='ocr_line' id='line_1_4' title="bbox 116 716 1233 803; baseline 0.002 -22"><span class='ocrx_word' id='word_1_21' title='bbox 116 716 313 784; x_wconf 77' lang='lat' dir='ltr'>confidere«.</span> <span class='ocrx_word' id='word_1_22' title='bbox 357 717 427 782; x_wconf 87' lang='lat' dir='ltr'>Nec</span> <span class='ocrx_word' id='word_1_23' title='bbox 450 717 558 783; x_wconf 91' lang='lat' dir='ltr'>minus</span> <span class='ocrx_word' id='word_1_24' title='bbox 582 737 655 781; x_wconf 89' lang='lat' dir='ltr'>cum</span> <span class='ocrx_word' id='word_1_25' title='bbox 679 717 784 781; x_wconf 88' lang='lat' dir='ltr'>altera</span> <span class='ocrx_word' id='word_1_26' title='bbox 799 717 951 803; x_wconf 92' lang='lat' dir='ltr'>opinione</span> <span class='ocrx_word' id='word_1_27' title='bbox 966 716 1233 783; x_wconf 82' lang='lat' dir='ltr'>Woelfflinicou·</span> 
     </span>
     <span class='ocr_line' id='line_1_5' title="bbox 117 819 1235 908; baseline 0.001 -22"><span class='ocrx_word' id='word_1_28' title='bbox 117 821 241 899; x_wconf 88' lang='lat' dir='ltr'>sentio,</span> <span class='ocrx_word' id='word_1_29' title='bbox 278 822 371 885; x_wconf 88' lang='lat' dir='ltr'>cuius</span> <span class='ocrx_word' id='word_1_30' title='bbox 405 820 508 886; x_wconf 91' lang='lat' dir='ltr'>uerba</span> <span class='ocrx_word' id='word_1_31' title='bbox 541 821 623 885; x_wconf 92' lang='lat' dir='ltr'>haec</span> <span class='ocrx_word' id='word_1_32' title='bbox 654 826 745 885; x_wconf 89' lang='lat' dir='ltr'>sunt:</span> <span class='ocrx_word' id='word_1_33' title='bbox 780 819 910 906; x_wconf 76' lang='lat' dir='ltr'>»Trogo</span> <span class='ocrx_word' id='word_1_34' title='bbox 941 820 1103 908; x_wconf 88' lang='lat' dir='ltr'>Pompeio</span> <span class='ocrx_word' id='word_1_35' title='bbox 1136 821 1235 897; x_wconf 82' lang='lat' dir='ltr'>deberi</span> 
     </span>
     <span class='ocr_line' id='line_1_6' title="bbox 117 924 1236 1015; baseline 0 -25"><span class='ocrx_word' id='word_1_36' title='bbox 117 924 335 1004; x_wconf 85' lang='lat' dir='ltr'>uidentur,</span> <span class='ocrx_word' id='word_1_37' title='bbox 369 947 453 1012; x_wconf 86' lang='lat' dir='ltr'>quae</span> <span class='ocrx_word' id='word_1_38' title='bbox 488 947 583 1015; x_wconf 88' lang='lat' dir='ltr'>capp.</span> <span class='ocrx_word' id='word_1_39' title='bbox 614 928 750 989; x_wconf 86' lang='lat'>11-13</span> <span class='ocrx_word' id='word_1_40' title='bbox 784 924 825 990; x_wconf 92' lang='lat' dir='ltr'>de</span> <span class='ocrx_word' id='word_1_41' title='bbox 858 925 991 1013; x_wconf 84' lang='lat' dir='ltr'>regibus</span> <span class='ocrx_word' id='word_1_42' title='bbox 1025 926 1236 1013; x_wconf 73' lang='lat' dir='ltr'>Assyriorum,</span> 
     </span>
     <span class='ocr_line' id='line_1_7' title="bbox 114 1029 1237 1119; baseline 0 -23"><span class='ocrx_word' id='word_1_43' title='bbox 114 1030 286 1096; x_wconf 83' lang='lat' dir='ltr'>Medorum</span> <span class='ocrx_word' id='word_1_44' title='bbox 302 1031 540 1117; x_wconf 80' lang='lat' dir='ltr'>Persarumque</span> <span class='ocrx_word' id='word_1_45' title='bbox 564 1031 716 1117; x_wconf 83' lang='lat' dir='ltr'>legimus.</span> <span class='ocrx_word' id='word_1_46' title='bbox 759 1029 844 1095; x_wconf 87' lang='lat' dir='ltr'>Nam</span> <span class='ocrx_word' id='word_1_47' title='bbox 866 1031 900 1097; x_wconf 90' lang='lat' dir='ltr'>in</span> <span class='ocrx_word' id='word_1_48' title='bbox 922 1031 983 1096; x_wconf 93' lang='lat' dir='ltr'>hac</span> <span class='ocrx_word' id='word_1_49' title='bbox 996 1030 1072 1119; x_wconf 84' lang='lat' dir='ltr'>ipsa</span> <span class='ocrx_word' id='word_1_50' title='bbox 1091 1032 1237 1105; x_wconf 82' lang='lat' dir='ltr'>historiae</span> 
     </span>
     <span class='ocr_line' id='line_1_8' title="bbox 114 1135 1237 1225; baseline 0.004 -25"><span class='ocrx_word' id='word_1_51' title='bbox 114 1143 206 1221; x_wconf 91' lang='lat' dir='ltr'>parte</span> <span class='ocrx_word' id='word_1_52' title='bbox 236 1135 349 1202; x_wconf 88' lang='lat' dir='ltr'>nescio</span> <span class='ocrx_word' id='word_1_53' title='bbox 382 1157 478 1221; x_wconf 88' lang='lat' dir='ltr'>quem</span> <span class='ocrx_word' id='word_1_54' title='bbox 508 1137 618 1223; x_wconf 90' lang='lat' dir='ltr'>potius</span> <span class='ocrx_word' id='word_1_55' title='bbox 658 1142 825 1201; x_wconf 76' lang='lat' dir='ltr'>auctorem</span> <span class='ocrx_word' id='word_1_56' title='bbox 853 1137 947 1225; x_wconf 87' lang='lat' dir='ltr'>sequi</span> <span class='ocrx_word' id='word_1_57' title='bbox 976 1138 1125 1223; x_wconf 87' lang='lat' dir='ltr'>potuerit</span> <span class='ocrx_word' id='word_1_58' title='bbox 1153 1157 1237 1224; x_wconf 84' lang='lat' dir='ltr'>quam</span> 
     </span>
     <span class='ocr_line' id='line_1_9' title="bbox 114 1239 1238 1331; baseline 0 -27"><span class='ocrx_word' id='word_1_59' title='bbox 114 1241 258 1325; x_wconf 85' lang='lat' dir='ltr'>Trogum</span> <span class='ocrx_word' id='word_1_60' title='bbox 284 1241 491 1328; x_wconf 91' lang='lat' dir='ltr'>Pompeium,</span> <span class='ocrx_word' id='word_1_61' title='bbox 526 1241 617 1305; x_wconf 90' lang='lat' dir='ltr'>cuius</span> <span class='ocrx_word' id='word_1_62' title='bbox 650 1241 684 1304; x_wconf 90' lang='lat' dir='ltr'>in</span> <span class='ocrx_word' id='word_1_63' title='bbox 713 1240 798 1304; x_wconf 92' lang='lat' dir='ltr'>libro</span> <span class='ocrx_word' id='word_1_64' title='bbox 829 1241 933 1331; x_wconf 90' lang='lat' dir='ltr'>primo</span> <span class='ocrx_word' id='word_1_65' title='bbox 966 1239 1008 1304; x_wconf 95' lang='lat' dir='ltr'>de</span> <span class='ocrx_word' id='word_1_66' title='bbox 1041 1241 1108 1306; x_wconf 90' lang='lat' dir='ltr'>illis</span> <span class='ocrx_word' id='word_1_67' title='bbox 1137 1241 1238 1328; x_wconf 82' lang='lat' dir='ltr'>regnis</span> 
     </span>
     <span class='ocr_line' id='line_1_10' title="bbox 113 1343 1239 1432; baseline 0.002 -24"><span class='ocrx_word' id='word_1_68' title='bbox 113 1344 249 1409; x_wconf 88' lang='lat' dir='ltr'>uberius</span> <span class='ocrx_word' id='word_1_69' title='bbox 278 1344 459 1431; x_wconf 88' lang='lat' dir='ltr'>eodemque</span> <span class='ocrx_word' id='word_1_70' title='bbox 489 1344 600 1412; x_wconf 89' lang='lat' dir='ltr'>ordine</span> <span class='ocrx_word' id='word_1_71' title='bbox 630 1344 818 1431; x_wconf 81' lang='lat' dir='ltr'>expositum</span> <span class='ocrx_word' id='word_1_72' title='bbox 848 1350 937 1425; x_wconf 88' lang='lat' dir='ltr'>erat,</span> <span class='ocrx_word' id='word_1_73' title='bbox 969 1364 1068 1429; x_wconf 85' lang='lat' dir='ltr'>quem</span> <span class='ocrx_word' id='word_1_74' title='bbox 1087 1350 1134 1410; x_wconf 79' lang='lat' dir='ltr'>et</span> <span class='ocrx_word' id='word_1_75' title='bbox 1162 1343 1239 1432; x_wconf 88' lang='lat' dir='ltr'>apud</span> 
     </span>
     <span class='ocr_line' id='line_1_11' title="bbox 113 1446 1239 1541; baseline 0.003 -29"><span class='ocrx_word' id='word_1_76' title='bbox 113 1446 302 1535; x_wconf 90' lang='lat' dir='ltr'>Ampelium</span> <span class='ocrx_word' id='word_1_77' title='bbox 324 1450 519 1516; x_wconf 68' lang='lat' dir='ltr'>habemuse:</span> <span class='ocrx_word' id='word_1_78' title='bbox 551 1455 641 1514; x_wconf 88' lang='lat' dir='ltr'>certa</span> <span class='ocrx_word' id='word_1_79' title='bbox 668 1470 747 1515; x_wconf 89' lang='lat' dir='ltr'>uero</span> <span class='ocrx_word' id='word_1_80' title='bbox 770 1449 896 1514; x_wconf 90' lang='lat' dir='ltr'>ratione</span> <span class='ocrx_word' id='word_1_81' title='bbox 920 1448 1127 1538; x_wconf 79' lang='lat' dir='ltr'>comprobari</span> <span class='ocrx_word' id='word_1_82' title='bbox 1149 1470 1239 1541; x_wconf 85' lang='lat' dir='ltr'>posse</span> 
     </span>
     <span class='ocr_line' id='line_1_12' title="bbox 116 1553 792 1641; baseline 0 -24"><span class='ocrx_word' id='word_1_83' title='bbox 116 1553 303 1640; x_wconf 89' lang='lat' dir='ltr'>Ampelium</span> <span class='ocrx_word' id='word_1_84' title='bbox 326 1576 369 1620; x_wconf 84' lang='lat' dir='ltr'>ex</span> <span class='ocrx_word' id='word_1_85' title='bbox 393 1556 501 1641; x_wconf 83' lang='lat' dir='ltr'>Trogo</span> <span class='ocrx_word' id='word_1_86' title='bbox 523 1555 673 1619; x_wconf 79' lang='lat' dir='ltr'>hausisse</span> <span class='ocrx_word' id='word_1_87' title='bbox 697 1575 792 1639; x_wconf 87' lang='lat' dir='ltr'>nego.</span> 
     </span>
    </p>

    <p class='ocr_par' dir='ltr' id='par_1_3' title="bbox 111 1657 1278 2475">
     <span class='ocr_line' id='line_1_13' title="bbox 199 1657 1240 1748; baseline 0.003 -25"><span class='ocrx_word' id='word_1_88' title='bbox 199 1658 296 1725; x_wconf 91' lang='lat' dir='ltr'>Datis</span> <span class='ocrx_word' id='word_1_89' title='bbox 319 1659 450 1747; x_wconf 89' lang='lat' dir='ltr'>quidem</span> <span class='ocrx_word' id='word_1_90' title='bbox 474 1666 507 1725; x_wconf 89' lang='lat' dir='ltr'>et</span> <span class='ocrx_word' id='word_1_91' title='bbox 529 1658 750 1746; x_wconf 85' lang='lat' dir='ltr'>Tisaphemes</span> <span class='ocrx_word' id='word_1_92' title='bbox 774 1657 861 1748; x_wconf 89' lang='lat' dir='ltr'>apud</span> <span class='ocrx_word' id='word_1_93' title='bbox 882 1663 1055 1745; x_wconf 90' lang='lat' dir='ltr'>utrumque</span> <span class='ocrx_word' id='word_1_94' title='bbox 1078 1666 1240 1737; x_wconf 81' lang='lat' dir='ltr'>auctorem</span> 
     </span>
     <span class='ocr_line' id='line_1_14' title="bbox 113 1762 1240 1846; baseline 0.005 -19"><span class='ocrx_word' id='word_1_95' title='bbox 113 1762 213 1828; x_wconf 90' lang='lat' dir='ltr'>duces</span> <span class='ocrx_word' id='word_1_96' title='bbox 230 1785 249 1828; x_wconf 94' lang='lat' dir='ltr'>a</span> <span class='ocrx_word' id='word_1_97' title='bbox 265 1764 375 1829; x_wconf 81' lang='lat' dir='ltr'>Dareo</span> <span class='ocrx_word' id='word_1_98' title='bbox 399 1769 514 1829; x_wconf 88' lang='lat' dir='ltr'>eontra</span> <span class='ocrx_word' id='word_1_99' title='bbox 530 1762 674 1829; x_wconf 78' lang='lat' dir='ltr'>Graecos</span> <span class='ocrx_word' id='word_1_100' title='bbox 695 1764 790 1839; x_wconf 86' lang='lat' dir='ltr'>missi</span> <span class='ocrx_word' id='word_1_101' title='bbox 804 1764 1023 1846; x_wconf 74' lang='lat' dir='ltr'>nominantur,</span> <span class='ocrx_word' id='word_1_102' title='bbox 1046 1788 1121 1832; x_wconf 92' lang='lat' dir='ltr'>cum</span> <span class='ocrx_word' id='word_1_103' title='bbox 1145 1766 1240 1841; x_wconf 82' lang='lat' dir='ltr'>ceteri</span> 
     </span>
     <span class='ocr_line' id='line_1_15' title="bbox 112 1867 1240 1959; baseline 0.005 -28"><span class='ocrx_word' id='word_1_104' title='bbox 112 1888 221 1932; x_wconf 90' lang='lat' dir='ltr'>rerum</span> <span class='ocrx_word' id='word_1_105' title='bbox 249 1874 416 1955; x_wconf 87' lang='lat' dir='ltr'>gestarum</span> <span class='ocrx_word' id='word_1_106' title='bbox 445 1869 621 1956; x_wconf 75' lang='lat' dir='ltr'>scriptores</span> <span class='ocrx_word' id='word_1_107' title='bbox 653 1889 766 1943; x_wconf 87' lang='lat' dir='ltr'>omnes</span> <span class='ocrx_word' id='word_1_108' title='bbox 792 1867 904 1933; x_wconf 80' lang='lat' dir='ltr'>Datim</span> <span class='ocrx_word' id='word_1_109' title='bbox 939 1874 973 1933; x_wconf 89' lang='lat' dir='ltr'>ct</span> <span class='ocrx_word' id='word_1_110' title='bbox 1002 1868 1240 1959; x_wconf 83' lang='lat' dir='ltr'>Artaphernem</span> 
     </span>
     <span class='ocr_line' id='line_1_16' title="bbox 112 1962 1240 2058; baseline 0.003 -22"><span class='ocrx_word' id='word_1_111' title='bbox 112 1979 241 2054; x_wconf 89' lang='lat' dir='ltr'>uocant,</span> <span class='ocrx_word' id='word_1_112' title='bbox 266 1971 325 2037; x_wconf 90' lang='lat' dir='ltr'>sed</span> <span class='ocrx_word' id='word_1_113' title='bbox 346 1994 501 2037; x_wconf 88' lang='lat' dir='ltr'>numerus</span> <span class='ocrx_word' id='word_1_114' title='bbox 525 1973 709 2058; x_wconf 88' lang='lat' dir='ltr'>copiamm,</span> <span class='ocrx_word' id='word_1_115' title='bbox 738 1993 821 2058; x_wconf 90' lang='lat' dir='ltr'>quae</span> <span class='ocrx_word' id='word_1_116' title='bbox 851 1973 899 2037; x_wconf 90' lang='lat' dir='ltr'>eis</span> <span class='ocrx_word' id='word_1_117' title='bbox 923 1972 1060 2038; x_wconf 87' lang='lat' dir='ltr'>ducibus</span> <span class='ocrx_word' id='word_1_118' title='bbox 1085 1962 1240 2050; x_wconf 72' lang='lat' dir='ltr'>Graeciae,</span> 
     </span>
     <span class='ocr_line' id='line_1_17' title="bbox 111 2062 1239 2163; baseline 0.004 -24"><span class='ocrx_word' id='word_1_119' title='bbox 111 2075 235 2141; x_wconf 92' lang='lat' dir='ltr'>bellum</span> <span class='ocrx_word' id='word_1_120' title='bbox 269 2076 468 2158; x_wconf 89' lang='lat' dir='ltr'>intulerunt,</span> <span class='ocrx_word' id='word_1_121' title='bbox 502 2078 599 2163; x_wconf 89' lang='lat' dir='ltr'>plane</span> <span class='ocrx_word' id='word_1_122' title='bbox 634 2076 783 2142; x_wconf 88' lang='lat' dir='ltr'>diuersus</span> <span class='ocrx_word' id='word_1_123' title='bbox 818 2083 884 2142; x_wconf 90' lang='lat' dir='ltr'>est:</span> <span class='ocrx_word' id='word_1_124' title='bbox 918 2062 1064 2143; x_wconf 83' lang='lat' dir='ltr'>Iustinus</span> <span class='ocrx_word' id='word_1_125' title='bbox 1094 2076 1239 2162; x_wconf 82' lang='lat' dir='ltr'>11,a‚a</span> 
     </span>
     <span class='ocr_line' id='line_1_18' title="bbox 114 2178 1278 2269; baseline 0.003 -26"><span class='ocrx_word' id='word_1_126' title='bbox 114 2178 260 2245; x_wconf 82' lang='lat' dir='ltr'>Graecos</span> <span class='ocrx_word' id='word_1_127' title='bbox 283 2179 441 2245; x_wconf 88' lang='lat' dir='ltr'>aduersus</span> <span class='ocrx_word' id='word_1_128' title='bbox 471 2185 624 2246; x_wconf 85' lang='lat' dir='ltr'>sescenta</span> <span class='ocrx_word' id='word_1_129' title='bbox 652 2181 742 2245; x_wconf 91' lang='lat' dir='ltr'>milia</span> <span class='ocrx_word' id='word_1_130' title='bbox 763 2180 907 2246; x_wconf 90' lang='lat' dir='ltr'>hostium</span> <span class='ocrx_word' id='word_1_131' title='bbox 930 2182 964 2246; x_wconf 94' lang='lat' dir='ltr'>in</span> <span class='ocrx_word' id='word_1_132' title='bbox 985 2183 1148 2269; x_wconf 88' lang='lat' dir='ltr'>proelium</span> <span class='ocrx_word' id='word_1_133' title='bbox 1170 2204 1239 2248; x_wconf 91' lang='lat' dir='ltr'>esse</span> <span class='ocrx_word' id='word_1_134' title='bbox 1274 2228 1278 2239; x_wconf 78' lang='grc'>.</span> 
     </span>
     <span class='ocr_line' id='line_1_19' title="bbox 112 2282 1239 2370; baseline 0.002 -23"><span class='ocrx_word' id='word_1_135' title='bbox 112 2304 265 2368; x_wconf 87' lang='lat' dir='ltr'>egressos</span> <span class='ocrx_word' id='word_1_136' title='bbox 298 2284 476 2348; x_wconf 89' lang='lat' dir='ltr'>memoriae</span> <span class='ocrx_word' id='word_1_137' title='bbox 508 2282 668 2370; x_wconf 83' lang='lat' dir='ltr'>prodidit,</span> <span class='ocrx_word' id='word_1_138' title='bbox 707 2305 780 2348; x_wconf 93' lang='lat' dir='ltr'>cum</span> <span class='ocrx_word' id='word_1_139' title='bbox 822 2290 907 2349; x_wconf 89' lang='lat' dir='ltr'>teste</span> <span class='ocrx_word' id='word_1_140' title='bbox 941 2283 1094 2370; x_wconf 84' lang='lat' dir='ltr'>Ampelio</span> <span class='ocrx_word' id='word_1_141' title='bbox 1125 2284 1239 2366; x_wconf 80' lang='lat' dir='ltr'>XV,9</span> 
     </span>
     <span class='ocr_line' id='line_1_20' title="bbox 114 2386 972 2475; baseline 0.003 -25"><span class='ocrx_word' id='word_1_142' title='bbox 114 2386 280 2452; x_wconf 88' lang='lat' dir='ltr'>Miltiades</span> <span class='ocrx_word' id='word_1_143' title='bbox 304 2388 470 2474; x_wconf 81' lang='lat' dir='ltr'>octoginta</span> <span class='ocrx_word' id='word_1_144' title='bbox 492 2388 582 2452; x_wconf 89' lang='lat' dir='ltr'>milia</span> <span class='ocrx_word' id='word_1_145' title='bbox 603 2388 777 2453; x_wconf 87' lang='lat' dir='ltr'>Persarum</span> <span class='ocrx_word' id='word_1_146' title='bbox 801 2388 972 2475; x_wconf 89' lang='lat' dir='ltr'>superarit.</span> 
     </span>
    </p>

    <p class='ocr_par' dir='ltr' id='par_1_4' title="bbox 110 2490 1246 3516">
     <span class='ocr_line' id='line_1_21' title="bbox 198 2490 1241 2585; baseline 0.001 -30"><span class='ocrx_word' id='word_1_147' title='bbox 198 2490 409 2559; x_wconf 89' lang='lat' dir='ltr'>Woelfflinus</span> <span class='ocrx_word' id='word_1_148' title='bbox 445 2492 576 2585; x_wconf 85' lang='lat' dir='ltr'>quidem</span> <span class='ocrx_word' id='word_1_149' title='bbox 603 2499 700 2580; x_wconf 88' lang='lat' dir='ltr'>caput</span> <span class='ocrx_word' id='word_1_150' title='bbox 727 2492 872 2580; x_wconf 88' lang='lat' dir='ltr'>Ampelii</span> <span class='ocrx_word' id='word_1_151' title='bbox 903 2493 1051 2580; x_wconf 91' lang='lat' dir='ltr'>quintum</span> <span class='ocrx_word' id='word_1_152' title='bbox 1081 2491 1241 2563; x_wconf 84' lang='lat' dir='ltr'>decimum</span> 
     </span>
     <span class='ocr_line' id='line_1_22' title="bbox 112 2595 1243 2681; baseline 0.002 -22"><span class='ocrx_word' id='word_1_153' title='bbox 112 2616 154 2659; x_wconf 85' lang='lat' dir='ltr'>ex</span> <span class='ocrx_word' id='word_1_154' title='bbox 184 2595 355 2681; x_wconf 78' lang='lat' dir='ltr'>Trogianis</span> <span class='ocrx_word' id='word_1_155' title='bbox 385 2602 419 2662; x_wconf 90' lang='lat' dir='ltr'>et</span> <span class='ocrx_word' id='word_1_156' title='bbox 449 2595 653 2663; x_wconf 81' lang='lat' dir='ltr'>Cornelianis</span> <span class='ocrx_word' id='word_1_157' title='bbox 688 2618 761 2661; x_wconf 89' lang='lat' dir='ltr'>esse</span> <span class='ocrx_word' id='word_1_158' title='bbox 794 2596 934 2665; x_wconf 80' lang='lat' dir='ltr'>mixtum</span> <span class='ocrx_word' id='word_1_159' title='bbox 967 2595 1150 2678; x_wconf 83' lang='lat' dir='ltr'>contendit,</span> <span class='ocrx_word' id='word_1_160' title='bbox 1186 2596 1243 2663; x_wconf 93' lang='lat' dir='ltr'>sed</span> 
     </span>
     <span class='ocr_line' id='line_1_23' title="bbox 112 2697 1243 2789; baseline 0.001 -26"><span class='ocrx_word' id='word_1_161' title='bbox 112 2698 283 2765; x_wconf 85' lang='lat' dir='ltr'>Cornelius</span> <span class='ocrx_word' id='word_1_162' title='bbox 317 2699 429 2788; x_wconf 87' lang='lat' dir='ltr'>Nepos</span> <span class='ocrx_word' id='word_1_163' title='bbox 464 2700 499 2771; x_wconf 89' lang='lat' dir='ltr'>in</span> <span class='ocrx_word' id='word_1_164' title='bbox 533 2700 621 2775; x_wconf 87' lang='lat' dir='ltr'>uitae</span> <span class='ocrx_word' id='word_1_165' title='bbox 650 2698 807 2766; x_wconf 86' lang='lat' dir='ltr'>Miltiadis</span> <span class='ocrx_word' id='word_1_166' title='bbox 841 2721 911 2789; x_wconf 86' lang='lat' dir='ltr'>cap.</span> <span class='ocrx_word' id='word_1_167' title='bbox 939 2699 980 2778; x_wconf 78' lang='lat' dir='ltr'>V,</span> <span class='ocrx_word' id='word_1_168' title='bbox 1011 2704 1031 2764; x_wconf 89' lang='grc'>4</span> <span class='ocrx_word' id='word_1_169' title='bbox 1065 2697 1178 2765; x_wconf 89' lang='lat' dir='ltr'>Datim</span> <span class='ocrx_word' id='word_1_170' title='bbox 1210 2701 1243 2765; x_wconf 89' lang='lat' dir='ltr'>in</span> 
     </span>
     <span class='ocr_line' id='line_1_24' title="bbox 111 2802 1242 2895; baseline 0.004 -29"><span class='ocrx_word' id='word_1_171' title='bbox 111 2803 215 2867; x_wconf 88' lang='lat' dir='ltr'>aciem</span> <span class='ocrx_word' id='word_1_172' title='bbox 243 2802 391 2890; x_wconf 92' lang='lat' dir='ltr'>peditum</span> <span class='ocrx_word' id='word_1_173' title='bbox 423 2808 573 2883; x_wconf 86' lang='lat' dir='ltr'>centum,</span> <span class='ocrx_word' id='word_1_174' title='bbox 613 2805 761 2891; x_wconf 90' lang='lat' dir='ltr'>equitum</span> <span class='ocrx_word' id='word_1_175' title='bbox 783 2804 897 2879; x_wconf 82' lang='lat' dir='ltr'>decem</span> <span class='ocrx_word' id='word_1_176' title='bbox 921 2804 1012 2872; x_wconf 91' lang='lat' dir='ltr'>milia</span> <span class='ocrx_word' id='word_1_177' title='bbox 1044 2803 1242 2895; x_wconf 82' lang='lat' dir='ltr'>produxisse</span> 
     </span>
     <span class='ocr_line' id='line_1_25' title="bbox 110 2906 1244 2997; baseline 0.005 -26"><span class='ocrx_word' id='word_1_178' title='bbox 110 2912 229 2973; x_wconf 81' lang='lat' dir='ltr'>namot</span> <span class='ocrx_word' id='word_1_179' title='bbox 292 2906 458 2979; x_wconf 89' lang='lat' dir='ltr'>Numerus</span> <span class='ocrx_word' id='word_1_180' title='bbox 501 2908 600 2994; x_wconf 81' lang='lat' dir='ltr'>igitur</span> <span class='ocrx_word' id='word_1_181' title='bbox 638 2909 852 2997; x_wconf 89' lang='lat' dir='ltr'>Ampelianus</span> <span class='ocrx_word' id='word_1_182' title='bbox 887 2909 974 2975; x_wconf 89' lang='lat' dir='ltr'>undo</span> <span class='ocrx_word' id='word_1_183' title='bbox 1013 2909 1146 2985; x_wconf 77' lang='lat' dir='ltr'>fluxerit</span> <span class='ocrx_word' id='word_1_184' title='bbox 1182 2930 1244 2983; x_wconf 84' lang='lat' dir='ltr'>uus</span> 
     </span>
     <span class='ocr_line' id='line_1_26' title="bbox 110 3010 1244 3101; baseline 0.004 -26"><span class='ocrx_word' id='word_1_185' title='bbox 110 3010 238 3083; x_wconf 83' lang='lat' dir='ltr'>nescire</span> <span class='ocrx_word' id='word_1_186' title='bbox 262 3010 430 3077; x_wconf 87' lang='lat' dir='ltr'>fatendum</span> <span class='ocrx_word' id='word_1_187' title='bbox 452 3017 509 3076; x_wconf 89' lang='lat' dir='ltr'>aut</span> <span class='ocrx_word' id='word_1_188' title='bbox 532 3012 566 3085; x_wconf 88' lang='lat' dir='ltr'>in</span> <span class='ocrx_word' id='word_1_189' title='bbox 589 3011 756 3079; x_wconf 87' lang='lat' dir='ltr'>codicibus</span> <span class='ocrx_word' id='word_1_190' title='bbox 782 3035 880 3079; x_wconf 91' lang='lat' dir='ltr'>manu</span> <span class='ocrx_word' id='word_1_191' title='bbox 903 3013 1033 3101; x_wconf 84' lang='lat' dir='ltr'>scriptis</span> <span class='ocrx_word' id='word_1_192' title='bbox 1054 3019 1244 3101; x_wconf 87' lang='lat' dir='ltr'>corruptum</span> 
     </span>
     <span class='ocr_line' id='line_1_27' title="bbox 112 3114 1245 3205; baseline 0.004 -25"><span class='ocrx_word' id='word_1_193' title='bbox 112 3135 186 3180; x_wconf 89' lang='lat' dir='ltr'>esse</span> <span class='ocrx_word' id='word_1_194' title='bbox 222 3114 431 3180; x_wconf 87' lang='lat' dir='ltr'>statuendum</span> <span class='ocrx_word' id='word_1_195' title='bbox 469 3121 528 3181; x_wconf 87' lang='lat' dir='ltr'>est.</span> <span class='ocrx_word' id='word_1_196' title='bbox 584 3116 723 3183; x_wconf 85' lang='lat' dir='ltr'>Accedit</span> <span class='ocrx_word' id='word_1_197' title='bbox 758 3117 843 3205; x_wconf 91' lang='lat' dir='ltr'>quod</span> <span class='ocrx_word' id='word_1_198' title='bbox 878 3118 1010 3191; x_wconf 85' lang='lat' dir='ltr'>nomina</span> <span class='ocrx_word' id='word_1_199' title='bbox 1042 3118 1176 3204; x_wconf 86' lang='lat' dir='ltr'>propria</span> <span class='ocrx_word' id='word_1_200' title='bbox 1209 3118 1245 3185; x_wconf 90' lang='lat' dir='ltr'>in</span> 
     </span>
     <span class='ocr_line' id='line_1_28' title="bbox 112 3218 1245 3313; baseline 0.005 -30"><span class='ocrx_word' id='word_1_201' title='bbox 112 3218 280 3289; x_wconf 89' lang='lat' dir='ltr'>codicibus</span> <span class='ocrx_word' id='word_1_202' title='bbox 296 3219 499 3311; x_wconf 84' lang='lat' dir='ltr'>Ampelianis</span> <span class='ocrx_word' id='word_1_203' title='bbox 516 3221 659 3313; x_wconf 89' lang='lat' dir='ltr'>pessimo</span> <span class='ocrx_word' id='word_1_204' title='bbox 676 3221 796 3287; x_wconf 90' lang='lat' dir='ltr'>tradita</span> <span class='ocrx_word' id='word_1_205' title='bbox 811 3243 885 3288; x_wconf 87' lang='lat' dir='ltr'>esse</span> <span class='ocrx_word' id='word_1_206' title='bbox 903 3221 1063 3296; x_wconf 83' lang='lat' dir='ltr'>sescentis</span> <span class='ocrx_word' id='word_1_207' title='bbox 1079 3224 1245 3309; x_wconf 84' lang='lat' dir='ltr'>exemplis</span> 
     </span>
     <span class='ocr_line' id='line_1_29' title="bbox 111 3321 1246 3412; baseline 0.008 -28"><span class='ocrx_word' id='word_1_208' title='bbox 111 3321 256 3389; x_wconf 89' lang='lat' dir='ltr'>docetur.</span> <span class='ocrx_word' id='word_1_209' title='bbox 303 3321 457 3388; x_wconf 78' lang='lat' dir='ltr'>Ceterum</span> <span class='ocrx_word' id='word_1_210' title='bbox 481 3322 562 3386; x_wconf 93' lang='lat' dir='ltr'>illud</span> <span class='ocrx_word' id='word_1_211' title='bbox 584 3323 731 3412; x_wconf 91' lang='lat' dir='ltr'>Ampelii</span> <span class='ocrx_word' id='word_1_212' title='bbox 753 3325 790 3389; x_wconf 79' lang='lat' dir='ltr'>ia</span> <span class='ocrx_word' id='word_1_213' title='bbox 816 3326 902 3390; x_wconf 80' lang='lat' dir='ltr'>solta</span> <span class='ocrx_word' id='word_1_214' title='bbox 923 3324 1134 3395; x_wconf 73' lang='lat' dir='ltr'>Marathonio</span> <span class='ocrx_word' id='word_1_215' title='bbox 1154 3325 1246 3403; x_wconf 84' lang='lat' dir='ltr'>bone</span> 
     </span>
     <span class='ocr_line' id='line_1_30' title="bbox 112 3424 1074 3516; baseline -0.002 -22"><span class='ocrx_word' id='word_1_216' title='bbox 112 3425 249 3513; x_wconf 81' lang='lat' dir='ltr'>quadrat</span> <span class='ocrx_word' id='word_1_217' title='bbox 272 3424 312 3491; x_wconf 95' lang='lat' dir='ltr'>ad</span> <span class='ocrx_word' id='word_1_218' title='bbox 335 3426 399 3491; x_wconf 93' lang='lat' dir='ltr'>loci</span> <span class='ocrx_word' id='word_1_219' title='bbox 422 3426 676 3516; x_wconf 88' lang='lat' dir='ltr'>descriptionem</span> <span class='ocrx_word' id='word_1_220' title='bbox 700 3429 928 3505; x_wconf 81' lang='lat' dir='ltr'>Cornelianam</span> <span class='ocrx_word' id='word_1_221' title='bbox 950 3427 996 3515; x_wconf 84' lang='lat' dir='ltr'>(V</span> <span class='ocrx_word' id='word_1_222' title='bbox 1030 3428 1074 3515; x_wconf 78' lang='lat'>3).</span> 
     </span>
    </p>
   </div>
   <div class='ocr_carea' id='block_1_3' title="bbox 109 3634 1246 3852">
    <p class='ocr_par' dir='ltr' id='par_1_5' title="bbox 109 3634 1246 3852">
     <span class='ocr_line' id='line_1_31' title="bbox 195 3634 1246 3746; baseline 0.008 -25"><span class='ocrx_word' id='word_1_223' title='bbox 195 3657 366 3727; x_wconf 89' lang='lat' dir='ltr'>Postremo</span> <span class='ocrx_word' id='word_1_224' title='bbox 394 3657 466 3726; x_wconf 91' lang='lat' dir='ltr'>loco</span> <span class='ocrx_word' id='word_1_225' title='bbox 498 3655 538 3725; x_wconf 93' lang='lat' dir='ltr'>de</span> <span class='ocrx_word' id='word_1_226' title='bbox 567 3658 727 3727; x_wconf 85' lang='lat' dir='ltr'>Macrobii</span> <span class='ocrx_word' id='word_1_227' title='bbox 757 3634 976 3728; x_wconf 78' lang='lat' dir='ltr'>saturnalibus</span> <span class='ocrx_word' id='word_1_228' title='bbox 1007 3679 1111 3746; x_wconf 90' lang='lat' dir='ltr'>pauca</span> <span class='ocrx_word' id='word_1_229' title='bbox 1137 3659 1246 3729; x_wconf 84' lang='lat' dir='ltr'>uerba</span> 
     </span>
     <span class='ocr_line' id='line_1_32' title="bbox 109 3759 1245 3852; baseline 0.005 -26"><span class='ocrx_word' id='word_1_230' title='bbox 109 3760 203 3827; x_wconf 92' lang='lat' dir='ltr'>nobis</span> <span class='ocrx_word' id='word_1_231' title='bbox 226 3759 375 3826; x_wconf 85' lang='lat' dir='ltr'>facienda</span> <span class='ocrx_word' id='word_1_232' title='bbox 399 3766 483 3826; x_wconf 88' lang='lat' dir='ltr'>sunt.</span> <span class='ocrx_word' id='word_1_233' title='bbox 528 3760 579 3827; x_wconf 88' lang='lat' dir='ltr'>De</span> <span class='ocrx_word' id='word_1_234' title='bbox 603 3784 666 3847; x_wconf 87' lang='lat' dir='ltr'>qua</span> <span class='ocrx_word' id='word_1_235' title='bbox 689 3785 724 3830; x_wconf 90' lang='lat' dir='ltr'>rs</span> <span class='ocrx_word' id='word_1_236' title='bbox 749 3763 835 3852; x_wconf 90' lang='lat' dir='ltr'>apud</span> <span class='ocrx_word' id='word_1_237' title='bbox 851 3762 1061 3848; x_wconf 72' lang='lat' dir='ltr'>Ruohlium2)</span> <span class='ocrx_word' id='word_1_238' title='bbox 1085 3764 1245 3848; x_wconf 79' lang='lat' dir='ltr'>leguntur</span> 
     </span>
    </p>
   </div>
   <div class='ocr_carea' id='block_1_4' title="bbox 108 3863 1244 4071">
    <p class='ocr_par' dir='ltr' id='par_1_6' title="bbox 108 3863 1244 4071">
     <span class='ocr_line' id='line_1_33' title="bbox 108 3863 1244 3953; baseline 0.004 -22"><span class='ocrx_word' id='word_1_239' title='bbox 108 3866 207 3932; x_wconf 89' lang='lat' dir='ltr'>haec:</span> <span class='ocrx_word' id='word_1_240' title='bbox 238 3865 343 3930; x_wconf 84' lang='lat' dir='ltr'>»Dosa</span> <span class='ocrx_word' id='word_1_241' title='bbox 367 3863 554 3931; x_wconf 88' lang='lat' dir='ltr'>Macrobius</span> <span class='ocrx_word' id='word_1_242' title='bbox 578 3873 639 3935; x_wconf 86' lang='lat' dir='ltr'>sat.</span> <span class='ocrx_word' id='word_1_243' title='bbox 663 3867 749 3950; x_wconf 89' lang='lat' dir='ltr'>I,1l</span> <span class='ocrx_word' id='word_1_244' title='bbox 779 3868 843 3936; x_wconf 90' lang='lat' dir='ltr'>den</span> <span class='ocrx_word' id='word_1_245' title='bbox 866 3867 993 3953; x_wconf 80' lang='lat' dir='ltr'>Trogus</span> <span class='ocrx_word' id='word_1_246' title='bbox 1015 3868 1151 3937; x_wconf 80' lang='lat' dir='ltr'>benutrt</span> <span class='ocrx_word' id='word_1_247' title='bbox 1171 3866 1244 3951; x_wconf 85' lang='lat' dir='ltr'>hat,</span> 
     </span>
     <span class='ocr_line' id='line_1_34' title="bbox 110 3968 1243 4071; baseline 0.003 -36"><span class='ocrx_word' id='word_1_248' title='bbox 110 3970 216 4071; x_wconf 82' lang='lat' dir='ltr'>ergibt</span> <span class='ocrx_word' id='word_1_249' title='bbox 240 3968 309 4034; x_wconf 91' lang='lat' dir='ltr'>sich</span> <span class='ocrx_word' id='word_1_250' title='bbox 331 3968 460 4050; x_wconf 90' lang='lat' dir='ltr'>daraus,</span> <span class='ocrx_word' id='word_1_251' title='bbox 483 3969 559 4036; x_wconf 88' lang='lat' dir='ltr'>dass</span> <span class='ocrx_word' id='word_1_252' title='bbox 581 3973 662 4037; x_wconf 85' lang='lat' dir='ltr'>zwei</span> <span class='ocrx_word' id='word_1_253' title='bbox 683 3973 905 4059; x_wconf 74' lang='lat' dir='ltr'>erathlungcn</span> <span class='ocrx_word' id='word_1_254' title='bbox 928 3973 961 4037; x_wconf 91' lang='lat' dir='ltr'>in</span> <span class='ocrx_word' id='word_1_255' title='bbox 976 3971 1100 4038; x_wconf 87' lang='lat' dir='ltr'>diesem</span> <span class='ocrx_word' id='word_1_256' title='bbox 1114 3971 1243 4058; x_wconf 88' lang='lat' dir='ltr'>kapitel</span> 
     </span>
    </p>
   </div>
   <div class='ocr_carea' id='block_1_5' title="bbox 110 4103 315 4113">
    <p class='ocr_par' dir='ltr' id='par_1_7' title="bbox 110 4103 315 4113">
     <span class='ocr_line' id='line_1_35' title="bbox 110 4103 315 4113; baseline 0.01 -2"><span class='ocrx_word' id='word_1_257' title='bbox 110 4103 315 4113; x_wconf 73' lang='lat'><strong>———-</strong></span> 
     </span>
    </p>
   </div>
   <div class='ocr_carea' id='block_1_6' title="bbox 179 4173 1190 4333">
    <p class='ocr_par' dir='ltr' id='par_1_8' title="bbox 179 4173 1190 4333">
     <span class='ocr_line' id='line_1_36' title="bbox 179 4173 1190 4249; baseline 0.001 -20"><span class='ocrx_word' id='word_1_258' title='bbox 179 4175 199 4244; x_wconf 87' lang='lat'>¹)</span> <span class='ocrx_word' id='word_1_259' title='bbox 217 4175 258 4230; x_wconf 90' lang='lat' dir='ltr'>De</span> <span class='ocrx_word' id='word_1_260' title='bbox 275 4175 305 4229; x_wconf 84' lang='lat' dir='ltr'>L.</span> <span class='ocrx_word' id='word_1_261' title='bbox 323 4174 444 4246; x_wconf 87' lang='lat' dir='ltr'>Ampelii</span> <span class='ocrx_word' id='word_1_262' title='bbox 463 4173 533 4229; x_wconf 92' lang='lat' dir='ltr'>libro</span> <span class='ocrx_word' id='word_1_263' title='bbox 551 4176 713 4241; x_wconf 86' lang='lat' dir='ltr'>memoriali,</span> <span class='ocrx_word' id='word_1_264' title='bbox 732 4177 885 4247; x_wconf 76' lang='lat' dir='ltr'>Gottingae</span> <span class='ocrx_word' id='word_1_265' title='bbox 903 4178 979 4244; x_wconf 74' lang='lat'>1854,</span> <span class='ocrx_word' id='word_1_266' title='bbox 997 4195 1060 4249; x_wconf 80' lang='lat' dir='ltr'>pag.</span> <span class='ocrx_word' id='word_1_267' title='bbox 1079 4177 1114 4235; x_wconf 76' lang='lat'>30</span> <span class='ocrx_word' id='word_1_268' title='bbox 1131 4194 1190 4247; x_wconf 88' lang='lat' dir='ltr'>sqq.</span> 
     </span>
     <span class='ocr_line' id='line_1_37' title="bbox 179 4262 736 4333; baseline 0 -16"><span class='ocrx_word' id='word_1_269' title='bbox 179 4262 200 4332; x_wconf 85' lang='lat'>²)</span> <span class='ocrx_word' id='word_1_270' title='bbox 219 4262 430 4333; x_wconf 74' lang='lat' dir='ltr'>textosquellem</span> <span class='ocrx_word' id='word_1_271' title='bbox 448 4277 511 4332; x_wconf 82' lang='lat' dir='ltr'>pag.</span> <span class='ocrx_word' id='word_1_272' title='bbox 532 4262 581 4317; x_wconf 84' lang='lat'>132</span> <span class='ocrx_word' id='word_1_273' title='bbox 599 4262 692 4317; x_wconf 87' lang='lat' dir='ltr'>adnot.</span> <span class='ocrx_word' id='word_1_274' title='bbox 712 4264 736 4317; x_wconf 92' lang='lat'>1.</span> 
     </span>
    </p>
   </div>
   <div class='ocr_carea' id='block_1_7' title="bbox 0 0 1365 4746">
    <p class='ocr_par' dir='ltr' id='par_1_9' title="bbox 0 0 1365 4746">
     <span class='ocr_line' id='line_1_38' title="bbox 0 0 1365 4746; baseline 0 0"><span class='ocrx_word' id='word_1_275' title='bbox 0 0 1365 4746; x_wconf 95' lang='lat' dir='ltr'> </span> 
     </span>
    </p>
   </div>
  </div>
 </body>
</html>
