2716 4746
519 313 729 372 -13-

84 495 110 560 l.
160 497 224 563 lal.
247 497 309 563 ΙΙΙ.
332 501 362 577 2,
385 506 452 562 ext.
475 501 505 562 ’2.
786 497 867 562 lust.
890 498 917 571 Ι,
940 503 971 567 9,
994 502 1047 560 22.

86 599 214 686 lDarcus)
230 625 305 666 cum
324 601 457 666 sordida
470 614 505 666 et
520 624 594 665 cru-
647 605 716 689 Ipsi
735 604 795 687 (se.
811 605 914 686 mugil
930 611 1040 667 tamen
1052 603 1187 688 corripi·

84 701 133 767 deli
149 727 311 791 magorum
326 706 498 791 tyrannide
512 706 594 770 Per·
646 716 745 771 untur
768 729 790 770 a
812 707 960 792 pluribus
988 708 1048 790 (se.
1073 707 1186 770 coniu-

33 840 36 845 ·
84 827 122 870 sas
140 809 290 874 liberaret
311 830 468 890 utriunque
488 831 533 873 ex
554 811 595 872 iis
647 813 821 888 ratoruml:
872 831 1005 891 quarm
1053 811 1188 874 aum

83 910 185 976 oraro
203 914 267 976 loco
281 913 447 977 abiectum
461 914 600 992 corma
650 915 802 1000 Gobryas
846 913 980 977 modium
1015 914 1188 994 mugilanus,

78 1016 191 1090 podere
236 1020 395 1097 coqueret,
440 1017 600 1101 praeclari
649 1019 868 1084 madentibus
892 1018 996 1092 mois,
1019 1038 1058 1081 ue
1086 1019 1190 1098 ᾐιεηυι

82 1122 169 1203 operis
189 1120 271 1184 soci'o
284 1122 414 1206 plagam
431 1121 463 1184 ei
477 1121 598 1184 inferre
644 1144 707 1203 pro
728 1143 818 1203 aceyo
838 1119 1084 1204 hmafodereut,
1112 1123 1190 1206 quia

10 1243 15 1249 ·
78 1220 230 1300 dubitanti,
268 1245 322 1300 nc,
360 1224 435 1286 dum
477 1244 601 1305 mucuns
651 1248 703 1290 res
742 1227 869 1289 obacmo
906 1225 970 1288 loco
1002 1225 1189 1309 gerebatur.

73 1329 146 1404 petit,
189 1329 294 1408 dimon
329 1328 526 1402 rrrrlueraret,
563 1340 600 1389 tu
650 1330 700 1392 «εἰ
732 1349 795 1408 μεν
830 1348 922 1391 suurn
957 1346 1069 1406 corpeus
1102 1327 1191 1409 adigi

10 1452 15 1456 ·
74 1449 151 1503 uero,
175 1432 297 1517 inquit,
319 1431 401 1494 nihil
423 1440 490 1503 est„
512 1429 599 1514 quod
649 1453 738 1515 mago
760 1436 888 1516 ferrum
914 1433 1025 1495 iussit:
1057 1431 1190 1495 fortuna

11 1537 18 1543 '
71 1542 211 1623 respectu
232 1537 299 1598 mei
320 1534 465 1598 timidius
488 1533 598 1618 gladio
649 1556 758 1600 tamen
781 1538 827 1599 ita
849 1544 985 1619 regente
1018 1536 1075 1598 illo
1098 1536 1190 1600 inco·

10 1707 13 1711 ⁴
70 1640 172 1703 utaris:
193 1639 245 1702 uel
254 1658 315 1718 per
329 1642 493 1718 uruntque
508 1638 600 1703 illum
650 1640 730 1704 lumi
751 1661 867 1725 magus
889 1639 1094 1703 interficitur.

10 1728 14 1765 ³
65 1741 312 1824 oyaslioetdum
323 1742 600 1826 hicquamceler·

65 1848 137 1912 rime
161 1855 287 1934 pereat.

145 1966 228 2030 Oum
255 1966 341 2029 idem
372 1965 452 2029 ordo
481 1967 724 2029 enuntiatorum
753 1966 934 2051 eademque
971 1968 1074 2031 uerba
1105 1965 1192 2052 apud

62 2078 233 2155 utrumqne
256 2069 408 2144 redeant,
430 2091 541 2133 merae
565 2068 691 2132 Valerii
720 2071 958 2155 neglegentiae
984 2071 1191 2136 tribuendum

58 2183 121 2253 est,
153 2173 242 2258 qnod
269 2195 328 2259 pro
356 2172 491 2257 Gobrya
518 2194 638 2236 nomen
666 2173 917 2237 celeberrimum
949 2173 1051 2239 Darei
1073 2175 1192 2260 posuit.

58 2278 195 2342 Scilicet
229 2276 455 2342 incredibilem
488 2277 559 2341 fere
591 2299 764 2341 numerum
792 2299 902 2342 rerum
935 2279 1192 2342 narratiuncula·

55 2403 207 2466 rumque,
228 2403 310 2466 quas
332 2381 486 2446 Valerius
518 2381 624 2445 foedis
650 2382 817 2446 erroribus
842 2382 1043 2467 depranauit
1064 2392 1099 2446 et
1119 2404 1192 2446 cor·

56 2487 163 2572 rupit,
201 2484 372 2572 Kempfius
408 2488 443 2548 in
475 2486 623 2572 prolegg.
663 2486 740 2549 inde
780 2508 801 2548 a
838 2508 913 2571 pag.
940 2490 981 2550 26
1016 2488 1192 2571 congessit.

56 2590 192 2677 Optime
230 2610 306 2654 cum
342 2587 470 2653 Iustino
510 2591 675 2652 consentit
711 2589 795 2653 Her.
822 2589 893 2659 ΠΙ,
924 2593 974 2654 78.
1038 2589 1193 2655 Ceterum

56 2693 230 2757 Valerium
258 2713 302 2756 ex
323 2692 448 2778 Trogo,
476 2714 542 2756 non
565 2715 610 2756 ex
632 2693 804 2757 Herodoto
827 2694 977 2758 hausisse
1001 2716 1041 2759 eo
1063 2715 1193 2779 quoqne

55 2797 238 2876 euincitur,
260 2796 346 2881 quod
367 2804 485 2878 neuter
507 2797 647 2883 scriptor
668 2797 806 2861 Latinus
829 2797 871 2862 de
894 2820 952 2878 eo,
983 2799 1040 2882 qui
1061 2820 1193 2883 magum

54 2902 232 2988 amplexus
254 2899 371 2980 fuerat,
393 2901 543 2980 alterum,
566 2923 624 2964 eur
646 2900 745 2964 ferire
767 2901 946 2965 dubitaret.
970 2902 1192 2987 interrogante

55 3005 215 3090 loquitur,
229 3003 420 3070 Herodotus
442 3027 522 3069 uero
538 3004 706 3087 Gobryam
729 3006 985 3091 interrogantem
1008 3006 1097 3086 tacit,
1119 3001 1140 3072 δ
1162 3030 1194 3070 τι

58 3100 100 3172 oi·
124 3109 242 3193 χρᾶται
262 3109 304 3194 τῇ
323 3104 419 3192 χειρί.

154 3331 221 3397 Sed
243 3355 317 3397 cum
340 3333 381 3398 de
400 3333 571 3398 Herodoto
587 3341 662 3397 acta
683 3354 736 3397 res
759 3335 812 3414 sit,
834 3333 877 3397 ad
898 3334 964 3397 alia
977 3341 1195 3397 transeamus.

151 3453 202 3518 Ac
222 3454 363 3540 primum
384 3454 516 3538 quidem
538 3454 580 3518 de
602 3454 787 3538 Agathocle
812 3454 1091 3539 Syracusanorum
1113 3475 1193 3539 rege

58 3558 220 3623 Valerius
242 3579 376 3643 prorsus
398 3558 515 3623 eadem
538 3579 577 3621 ac
598 3557 745 3621 Iustinus
767 3560 885 3622 tradit:

63 3698 98 3764 5.
143 3697 219 3764 Val.
233 3697 311 3779 vn,
327 3704 358 3778 4,
381 3706 449 3763 ext.
475 3703 502 3762 1.
821 3697 904 3763 lust.
919 3697 1031 3762 XXII.

55 3818 263 3903 Agathocles
283 3824 404 3898 autem,
420 3817 600 3904 Syracusa·
653 3824 688 3898 l,
714 3825 746 3880 1:
790 3840 865 3881 cum
909 3819 1008 3903 igitur
1051 3818 1194 3882 uictores

56 3943 132 3987 rum
162 3943 238 4001 rex,
265 3920 429 3985 audaciter
455 3919 599 3984 militias.
652 3922 754 3986 Poeni
796 3921 972 4003 Syracusas
1023 3921 1195 3985 obsidione

57 4025 144 4090 Cum
159 4025 246 4089 enim
258 4024 374 4088 urbem
389 4025 462 4087 eius
476 4024 599 4087 maiore
632 4035 637 4039 ’
654 4024 846 4104 cinxissent,
872 4025 1057 4106 Agathocles
1069 4074 1077 4087 .
1088 4073 1097 4086 .
1110 4074 1118 4086 .
1131 4029 1196 4088 sta·

59 4151 107 4194 cx
121 4134 215 4213 parte
230 4127 526 4212 Karthaginienses
549 4149 604 4191 oc·
657 4129 719 4190 tuit
735 4127 849 4191 bellum
871 4129 906 4191 in
919 4126 1071 4211 Africam
1091 4131 1196 4190 traua

56 4239 249 4319 cupassent‚
272 4233 440 4295 exercitum
456 4250 548 4295 suurn
569 4231 605 4293 ia
652 4230 757 4317 ferre:
786 4233 871 4296 arira
891 4250 1027 4314 prorsus
1051 4230 1195 4306 audacio,
