2716 4746
646 46 922 160 -coss

187 283 315 369 singula
343 283 492 351 Frontini
525 284 628 352 uerbo
663 286 750 374 apud
784 301 885 352 unum
922 279 1106 354 alterumue
1135 295 1288 355 ceterorum
1345 266 1358 295 ’¹

187 388 380 473 scriptomm
403 391 574 475 leguntur:
598 390 685 456 inter
706 390 868 456 Iustinum
891 396 924 457 et
947 390 1141 472 Frontinum
1163 383 1292 481 imprimis

186 490 269 557 haec
292 499 493 579 congruunt:
1314 498 1319 503 -

399 608 511 680 Front.
1012 606 1050 681 Iu
1071 622 1094 681 t.

186 707 341 783 decidente
369 732 445 801 eque
461 716 634 800 prolapsas·
659 726 728 782 ecce
780 730 856 800 equo
878 718 1025 801 delapsas
1041 770 1048 784 .
1067 769 1074 784 .
1092 768 1099 784 .
1118 728 1236 801 corpore
1254 717 1298 784 col·
1356 728 1357 735 ’

187 836 219 884 se
240 821 443 904 recollegisset
537 821 727 903 exceptisque
780 821 853 886 lecto
881 871 888 886 .
912 873 920 889 .
941 872 949 888 .
972 822 1188 906 recollectoque
1213 820 1298 908 peace

186 922 307 1004 aliquot
320 917 504 990 uolneribus
518 922 728 1012 receperam)
780 918 887 990 canitis
910 924 1095 992 uolneribus
1117 914 1298 1008 cccccccccc

185 1022 307 1091 dmum
327 1027 435 1111 plodio
456 1046 601 1093 reuersae
620 1031 666 1094 est
687 1029 731 1094 ad
782 1047 854 1094 scos
954 1026 1085 1095 reuertit
1127 1081 1135 1097 .

186 1146 267 1196 succ.

254 1234 290 1304 (¹⁶)
311 1232 343 1290 of.
362 1234 464 1290 Iustini
482 1233 562 1290 caiae
581 1236 626 1303 (sc.
645 1234 745 1305 gladii)
762 1235 938 1306 reciperandi
955 1237 1061 1306 conca).

272 1334 358 1405 inter
380 1336 573 1404 Frontinum
595 1344 629 1404 et
650 1336 820 1405 Valerium
843 1341 939 1406 haee:

393 1443 429 1507 la
451 1442 517 1508 acie
990 1444 1027 1507 la
1049 1443 1115 1509 acie

191 1542 542 1632 animaduertissetque
575 1543 717 1630 clodium
785 1547 906 1631 ungine
930 1547 1057 1631 gladios
1088 1539 1159 1612 eius
1187 1538 1305 1633 elapsus

184 1644 337 1713 eccidisse
358 1649 480 1732 aegino
789 1644 911 1716 decidit.

272 1762 357 1836 iuter
378 1767 549 1837 Valerium
572 1777 605 1838 et
626 1764 789 1838 Iustinum
810 1771 909 1837 hacc:

182 1870 311 1957 plodens
333 1864 400 1938 elas
423 1870 549 1955 elapsus
780 1874 907 1959 alodios
928 1868 957 1938 ee*
978 1874 1113 1955 elapsae.

270 1994 396 2059 Valerii
419 1996 522 2061 uerbo
544 2017 563 2059 a
579 1995 734 2060 Frontino
753 2001 785 2060 et
801 1995 927 2061 luscino
944 1995 1018 2061 idco
1035 1995 1165 2080 longius
1187 1994 1307 2072 distant,

185 2097 272 2185 quod
283 2099 438 2166 Valerius
461 2107 589 2167 tumore
606 2099 769 2167 rhetorico
792 2122 830 2166 ac
853 2121 958 2187 paene
974 2099 1142 2165 fastidium
1159 2099 1307 2165 afferente

184 2205 297 2270 utitur.

270 2310 462 2376 Frontinum
492 2317 602 2377 autem
632 2311 695 2377 hoc
726 2311 914 2397 exemplum
948 2331 966 2374 e
994 2307 1130 2374 Valerio
1165 2307 1310 2373 hausisse

186 2415 358 2501 quominus
375 2435 448 2479 cum
461 2414 713 2481 Waohsmuthio
725 2415 750 2501 1)
768 2421 959 2498 statuamus,
973 2412 1194 2501 compluribus
1209 2412 1312 2478 causis

184 2518 409 2607 prohibemur:

261 2644 289 2690 a.
313 2621 466 2688 Valerius
490 2621 586 2688 foedo
612 2620 1020 2709 erroreOatonespatrcm
1043 2621 1203 2686 etlilium
1229 2641 1317 2687 com·

319 2727 467 2792 mutauit.

261 2829 292 2896 b.
316 2832 471 2898 iuuenem
494 2851 576 2917 equo
594 2829 764 2919 delapsum
781 2831 926 2917 gladium
943 2830 1093 2897 omisisse
1110 2850 1176 2895 nou
1194 2829 1320 2918 scribit,

315 2936 348 3001 id
372 2936 458 3024 quod
479 2934 567 3022 apud
588 2933 781 3001 Frontinum
804 2942 893 3002 reete
916 2937 1068 3023 legimus.

267 3061 295 3108 c.
317 3041 420 3106 uerba
444 3039 576 3104 »multis
600 3040 790 3105 uulneribus
805 3040 974 3128 exceptis«
988 3040 1044 3105 uel
1060 3038 1179 3104 similia
1194 3037 1322 3104 fontem

316 3143 510 3232 praebuisse
534 3164 697 3209 consensu
719 3143 869 3210 Frontini
893 3150 927 3210 et
948 3143 1068 3209 Iustini
1091 3142 1236 3207 docetur.

263 3249 293 3315 d.
317 3248 486 3314 Valerium
513 3249 671 3314 memoria
700 3248 828 3316 infirma
856 3251 985 3337 lapsum
1013 3269 1072 3313 sua
1102 3247 1324 3334 descripsisse

315 3355 497 3436 neminem,
533 3354 589 3440 qui
618 3354 688 3419 eins
716 3355 818 3421 uerba
847 3377 922 3421 cum
942 3353 1099 3419 Frontino
1126 3353 1324 3441 Iustinoque

318 3457 567 3545 comparauerit,
591 3455 735 3542 effugiet.

272 3561 388 3648 Neque
412 3568 523 3628 tamen
541 3560 671 3627 omnino
688 3561 803 3648 negari
818 3566 928 3650 potest
943 3559 1105 3627 Iustinum
1122 3582 1203 3648 opus
1218 3559 1323 3647 Trogi

188 3667 223 3734 in
246 3667 411 3756 epitomen
427 3667 642 3752 neglegenter
664 3665 845 3752 redegisse.
885 3665 1046 3740 Quoniam
1066 3666 1153 3732 enim
1165 3665 1322 3734 Valerius

188 3779 221 3838 et
243 3770 419 3838 Frontinus
443 3770 587 3857 gladium
609 3771 747 3858 uagina,
777 3792 843 3837 non
871 3792 968 3836 manu
991 3769 1155 3836 excidisse
1179 3790 1321 3835 conscu-

185 3877 308 3943 'tientes
331 3881 471 3957 narrant,
495 3882 585 3942 corto
608 3875 867 3942 concludendum
891 3883 941 3942 est
964 3877 1064 3942 etiam
1083 3874 1208 3941 iontem
1230 3894 1321 3940 oom-

259 4050 280 4118 1)
299 4049 368 4103 Mus.
387 4048 476 4103 Rhen.
496 4044 555 4114 XV,
574 4048 631 4104 579.
