2716 4746
633 91 846 151 ...30-

257 280 290 346 b.
312 278 387 346 Nisi
410 277 564 346 Valerius
597 285 632 344 et
665 277 797 343 Curtius
836 278 937 342 talem
971 281 1174 346 sententiam
1211 300 1351 348 nemo

173 386 285 452 babet:

398 491 472 555 Val.
941 488 1031 554 Ourt.
1048 493 1078 567 6,
1095 493 1127 555 3.

174 609 301 676 iacebat
333 632 434 697 aeger
468 610 577 692 Tarsi,
615 610 712 694 inque
765 615 798 673 et
831 609 1001 674 uictoriam
1034 611 1068 674 in
1099 632 1140 675 eo
1169 613 1336 698 positam

173 714 354 779 ualitudine
390 717 461 779 eius
495 715 635 778 aduersa
664 714 712 776 in·
764 733 838 777 esse
862 713 1096 796 arbitrabatur,
1127 716 1329 780 sitantum

175 816 291 885 stantis
306 820 464 884 uictoriae
483 839 558 905 spes
575 819 712 881 fluctua-
765 825 840 882 anto
864 819 959 904 signa
982 824 1069 882 stare
1093 819 1263 905 potuisset.

175 922 242 989 bat.
1111 943 1114 948 ·

174 1047 258 1113 quae
282 1049 301 1092 a
324 1025 433 1111 Trogo
456 1024 637 1111 repetenda
658 1023 790 1088 uidetur
812 1045 896 1090 esse.

264 1168 291 1212 e.
310 1144 366 1211 De
389 1145 494 1210 morbi
524 1166 645 1230 genere
668 1150 756 1210 tacet
777 1144 987 1228 Plutarchus,
1016 1147 1177 1211 Arrianus
1209 1147 1328 1212 habet

175 1250 272 1316 haec:
306 1249 452 1336 σπασμῷ
494 1273 529 1314 τε
568 1237 624 1315 οὖν
664 1243 799 1331 {produc
831 1242 1041 1338 Ἀλέξανδρον
1074 1249 1130 1316 καὶ
1167 1248 1329 1339 θέρμαις

176 1350 325 1441 ἰσχυραῖς
346 1352 403 1420 καὶ
428 1346 591 1442 ἆγρυπνῖᾳ
615 1353 744 1435 ξυνεχεῖ.

265 1460 356 1542 luat,
372 1459 457 1542 Vah,
482 1459 570 1524 Ourt.
595 1460 680 1524 inter
704 1480 738 1524 se
763 1459 1005 1525 consentientes
1022 1482 1197 1525 neruorum
1222 1461 1331 1544 rigo-

177 1587 245 1630 rem
268 1564 451 1652 perhibent.

263 1668 359 1734 lust.
383 1675 452 1733 turn
475 1673 610 1754 repente
640 1673 750 1730 tantus
776 1685 890 1730 neruos
918 1667 989 1731 cius
1019 1668 1193 1754 occupauit
1214 1667 1336 1748 aanor·

264 1770 373 1837 Ourt.
399 1771 507 1837 subito
530 1772 664 1836 herrore
687 1775 777 1836 artus
798 1770 898 1853 ripere
921 1777 1108 1857 coeperunt.

264 1874 351 1942 Val.
396 1875 504 1940 subite
528 1874 646 1941 deinde
679 1897 721 1940 ex
754 1875 854 1939 nimio
881 1875 1000 1940 haustu
1025 1876 1140 1958 riparia
1171 1877 1341 1958 obstupe⁴

176 1978 276 2066 factis
297 1979 414 2046 uernis.
1334 2063 1340 2076 .

263 2080 314 2148 En
337 2083 440 2148 uerba
463 2082 548 2169 apud
571 2081 706 2147 Latinos
737 2084 869 2169 egregie
899 2084 1125 2170 congruentia!
1170 2082 1343 2148 Etiam91

180 2186 267 2252 enim
279 2184 432 2252 Valerius
448 2185 589 2272 rigerem
612 2186 653 2250 ad
669 2186 819 2272 frigidam
834 2187 963 2271 undam,
988 2210 1053 2253 nen
1076 2188 1117 2252 ad
1140 2191 1342 2276 torpente-⁶³

179 2312 299 2357 neruos
334 2291 504 2373 transfert,
539 2298 649 2356 tamen
683 2312 758 2356 eum
790 2293 852 2356 hoc
886 2292 1022 2358 uerbum
1054 2315 1096 2358 ex
1119 2291 1227 2377 Trogo
1252 2291 1343 2355 de‘

179 2395 378 2483 prompsisse
403 2395 507 2460 Curtii
531 2403 563 2462 et
586 2395 702 2460 Iustini
726 2417 904 2461 consensus
928 2397 1033 2462 docet.

265 2515 456 2582 dimotum
481 2515 645 2583 exercitus
670 2526 924 2583 commemorant

410 2640 482 2706 Val.
1001 2641 1091 2715 Ourt.

181 2759 324 2827 maximo
367 2780 439 2826 oum
479 2760 720 2828 exanimatione
774 2764 889 2849 ingens
923 2762 1108 2829 sollicitudo
1143 2769 1176 2827 et
1206 2783 1321 2849 paene

181 2863 280 2929 totius
303 2865 478 2931 exereitus.
773 2867 838 2932 iarn
865 2867 972 2933 luctus
1000 2868 1033 2931 in
1066 2866 1179 2932 eastris
1210 2873 1316 2932 erant.

773 2971 907 3036 Flentes
938 2971 1158 3057 querebantur
1181 2992 1209 3036 a.
1234 2993 1264 3056 q.
1290 2993 1316 3034 s.

248 3110 276 3156 e.
303 3088 431 3155 Ceteris
453 3088 590 3155 medicis
615 3091 742 3156 consilii
765 3092 1110 3179 auxiliiqueinepibus
1126 3091 1311 3178 Philippus,

184 3192 238 3278 qui
260 3192 427 3259 aValeric
457 3201 490 3259 et
514 3193 626 3261 (lartio
658 3195 840 3261 Alexandri
866 3217 962 3262 omues
988 3197 1187 3284 appellatur,
1212 3197 1315 3261 medi·

183 3301 368 3362 cementum
392 3318 428 3364 se
452 3318 527 3364 osse
550 3305 737 3385 paraturum
761 3299 815 3364 ait.

250 3398 271 3464 l.
295 3399 521 3466 Parmenionis
545 3401 673 3467 litterae
698 3402 878 3469 afferuntur
900 3401 958 3488 (ex
975 3402 1183 3491 Cappadocia
1200 3403 1314 3470 Curtio

183 3509 336 3584 testante,
359 3502 535 3569 Plutarcho
559 3524 577 3569 e
601 3505 717 3571 eastris
729 3504 766 3592 ¹).

249 3628 279 3691 g.
303 3606 493 3674 Alexander
516 3608 624 3673 haurit
647 3609 932 3676 medicamentum.

285 3733 306 3774 α
340 3707 433 3791 lust,
455 3710 552 3794 Plut,
575 3713 664 3779 Ara:
688 3713 763 3779 dum
785 3713 956 3800 Philippus
980 3714 1152 3799 epistulam
1177 3715 1269 3799 legit.

256 3934 276 4001 ¹)
295 3933 328 3988 ei.
351 3949 422 4001 qnae
446 3933 480 3987 de
503 3934 554 3988 hue
577 3952 605 3988 re
628 3936 785 4008 disputauit
807 3938 849 3991 nr.
868 3938 957 3991 ll-uehl
985 3939 1089 4008 (annal.
1116 3939 1212 4008 philol.
1238 3942 1316 4004 1881,

186 4035 249 4089 pug.
268 4020 337 4075 litlot).
