2716 4746
568 345 779 407 ,41-

138 529 352 596 incentionem
376 535 532 596 ανννιαλανα
560 533 646 597 iner—
698 535 853 596 ωαλονανα
874 554 991 617 agmen
1029 555 1064 596 se
1095 531 1238 610 immisit,

136 635 180 698 nis
208 636 275 721 ipse
306 635 433 698 desiluit
464 641 497 699 et
528 636 649 699 nemine
700 641 828 700 notatos
852 657 994 721 quoque,
1025 637 1079 722 qui
1102 636 1236 700 ferocis-

130 737 287 814 uoluente
323 737 465 802 tredecim
496 742 649 819 correptos
701 739 781 803 sime
812 739 956 803 oblocuti
986 746 1088 821 erant,
1123 739 1235 824 singu-

134 858 211 903 monu
231 863 289 905 sua
311 842 383 927 ipsc
398 840 440 906 ad
455 843 649 928 supplicium
700 842 749 906 los
771 863 868 906 αωκκ
889 842 1041 922 corripuit
1068 861 1237 908 accensos

136 940 217 1010 duxit.
697 965 871 1027 νεμαηννανο
911 945 1012 1011 XIII
1058 947 1236 1012 adseruan-

699 1049 757 1112 dos
786 1049 974 1114 custodibus
998 1051 1142 1136 corporis
1172 1056 1238 1114 tra-

696 1152 787 1216 didit.

204 1282 372 1346 Conexum
393 1280 481 1345 inter
503 1281 678 1367 scriptores
700 1280 835 1345 Latinos
859 1282 1075 1363 artissimum,
1098 1282 1154 1366 qui
1177 1281 1239 1345 nisi

142 1405 171 1446 cr
194 1385 304 1451 eodem
333 1384 423 1448 fonte
456 1391 628 1470 utrumque
658 1384 807 1449 hausisse
831 1407 955 1467 sumas,
987 1386 1145 1472 explicari
1174 1407 1239 1449 non

140 1494 235 1571 potest,
263 1488 464 1554 demonstrat
485 1488 665 1566 Diodorus,
695 1489 749 1574 qui
781 1489 842 1554 hoc
869 1490 941 1554 loco
969 1491 1054 1570 (109,
1080 1493 1111 1573 2)
1138 1490 1239 1554 habct

139 1588 209 1657 haec:
229 1587 519 1678 καταπληξάμενος
542 1589 578 1657 δὲ
592 1585 832 1678 (Ἀλέξανδρος)
849 1587 887 1659 τὸ
913 1593 1046 1681 πλῆθος
1065 1588 1240 1680 ἐτόλμησεν

140 1687 211 1775 αλτὸς
236 1691 384 1781 καταβὰς
414 1689 483 1762 ἀπὸ
510 1697 569 1761 τοῦ
591 1691 739 1784 βήματος
760 1692 836 1775 τοὺς
864 1691 1079 1775 αἰτιωτάτους
1100 1697 1159 1784 τῆς
1181 1721 1239 1761 τα-

140 1801 212 1888 ραχῆς
236 1804 311 1878 ταῖς
334 1795 436 1879 ἰδίαις
450 1798 540 1887 χερσὶ
562 1799 768 1885 παραδοῦναι
789 1804 859 1879 τοῖς
883 1793 1059 1888 ὑπηρέταις
1078 1796 1162 1888 πρὸς
1183 1795 1241 1890 τὴν

81 1946 83 1957 ·
139 1902 278 1991 τιμωρίαν.

200 2135 253 2203 11.
289 2135 341 2200 De
365 2134 554 2200 Alexandro
579 2135 759 2200 exercitum
781 2135 930 2200 ultimum
953 2137 1132 2199 salutante:
1160 2134 1240 2199 lust.

135 2228 191 2319 XII,
217 2243 265 2321 15,
283 2244 311 2303 2.
335 2239 409 2305 Val.
432 2240 473 2320 V,
492 2243 518 2319 1,
543 2247 607 2305 ext.
634 2239 678 2304 1¹³.
709 2239 796 2304 Ourt.
820 2240 862 2319 X,
879 2244 908 2319 5,
927 2243 954 2303 1.
984 2240 1069 2306 Plut.
1088 2241 1136 2302 76.
1167 2239 1239 2303 Aur.

134 2330 261 2424 lura
287 2348 314 2407 1.
361 2342 526 2409 Diodorus
563 2343 603 2408 de
639 2365 678 2408 ea
709 2365 743 2407 re
780 2343 860 2407 nihil
895 2343 1003 2407 tradit.
1046 2341 1240 2406 Plutarchus

133 2433 307 2512 breuissima
330 2448 411 2512 haec
434 2448 547 2512 habet:
577 2444 625 2529 (ol
649 2441 852 2525 Μακεδόνες)
879 2445 912 2511 ἕν
933 2450 1003 2524 τοῖς
1024 2447 1138 2536 χιτῶσι
1160 2437 1237 2510 καθ’

131 2537 173 2609 i'ra
196 2547 315 2630 πάντες
337 2547 429 2638 παρὰ
451 2546 511 2639 τὴν
536 2546 644 2637 κλίνην
666 2550 885 2640 παρεξῆλθον.
930 2552 1028 2630 lust,
1051 2550 1143 2630 Vol,
1166 2550 1240 2613 Arr.

129 2643 335 2720 Alexandrum
359 2657 539 2720 exercitum
563 2657 722 2720 salutasse
745 2655 893 2736 tradunt,
915 2655 948 2720 id
971 2653 1057 2741 quod
1080 2654 1113 2718 in
1137 2654 1242 2718 Curtii

81 2747 83 2755 ¹
128 2746 331 2847 descriptione
355 2767 488 2846 propter
518 2781 668 2844 magnam
699 2760 845 2824 codicum
875 2782 917 2825 ex
940 2758 1102 2824 communi
1125 2759 1239 2822 arche-

127 2856 190 2948 lypo
205 2863 415 2928 oriundorum
430 2865 579 2929 lacunam
595 2886 658 2928 non
675 2865 824 2950 legimus.
862 2864 975 2928 Verba
992 2869 1101 2928 autem
1121 2862 1240 2927 Iustini

127 2969 153 3025 et
171 2967 294 3033 Valerii
316 2968 401 3033 bene
425 2968 645 3034 consentiunt:

334 3089 414 3156 Iust.
931 3088 1004 3152 Vol.

123 3209 371 3291 osculandamque
393 3211 535 3275 dextram
559 3232 650 3274 susm
702 3212 734 3274 in
758 3211 902 3275 cubitum
932 3214 1041 3272 tamen
1074 3215 1202 3272 erectus
1213 3207 1238 3292 ¹)

121 3310 265 3378 flentibus
286 3315 438 3392 porrecit.
691 3313 859 3394 ,aeteram
888 3312 1055 3392 omnibus,
1084 3313 1139 3397 qui
1167 3333 1238 3376 eam

700 3417 888 3501 contingere
916 3415 1058 3496 uellent,
1084 3416 1238 3495 porrexit.

700 3520 780 3594 Quis
826 3526 935 3584 autem
972 3518 1062 3582 illam
1105 3518 1240 3582 oscitari

699 3645 764 3690 non
788 3629 942 3704 curreret,
957 3671 964 3686 .
980 3669 1007 3686 ..

198 3745 257 3826 Ea,
285 3767 367 3831 quae
384 3745 528 3810 Iustinus
546 3752 579 3810 et
594 3746 746 3811 Valerius
762 3743 929 3830 praebent,
946 3743 987 3807 ad
1000 3765 1100 3808 unum
1116 3743 1238 3807 fontem

110 3849 261 3914 Latinum
285 3849 391 3914 redire
417 3850 614 3936 comparatio
638 3871 711 3914 cum
726 3849 865 3913 Arriano
889 3847 975 3911 facta
998 3847 1108 3912 docet:
1131 3838 1239 3928 (Ἀλέ-

111 3951 261 4037 ξανδρον)
295 3944 425 4039 ἶν’φωνον
455 3950 514 4036 μὲν
548 3944 630 4017 εἶναι
668 3950 797 4038 λέγουσι
835 3946 1147 4037 παραπορευομένης
1180 3951 1239 4037 τῆς

181 4194 201 4260 ¹)
221 4190 350 4245 similiter
368 4191 443 4246 Curt.
461 4192 495 4256 X,
513 4192 538 4260 5,
556 4192 583 4246 3:
609 4191 655 4245 »in
673 4192 769 4246 ecdem
786 4191 884 4245 habitu
903 4190 1036 4260 corporis,
1062 4190 1092 4250 iu
1110 4206 1193 4266 quern
1211 4206 1240 4250 so

111 4279 319 4354 conposuerat«,
338 4277 367 4331 id
385 4278 460 4354 quod
478 4277 513 4333 ad
532 4278 655 4348 Trogum
672 4278 762 4338 redire
780 4278 899 4339 uidetur.
