2716 4746
565 305 775 365 -38-

195 489 348 581 Singulos
372 510 524 554 numeros
548 512 567 554 a
589 511 641 554 me
665 491 809 575 prolatos
833 492 861 555 si
882 494 1092 579 inspexeris,
1117 517 1131 558 a

109 615 196 656 mum
219 592 421 659 intercedere
446 614 605 658 conexum
629 593 886 660 interOurtium
913 604 946 661 et
967 597 1131 663 Iustinum

110 696 218 762 cedes.
252 695 367 782 Itaque
381 719 452 761 cum
465 696 595 761 Curtius
610 703 643 761 et
660 697 805 762 Iustinus
819 707 931 765 contra
943 709 1076 767 ceteros
1091 724 1131 767 au

109 800 240 871 diuersa
267 808 436 866 narrantes
469 821 533 865 nou
561 821 633 864 raro
657 803 862 868 consentiant
890 811 987 890 atque
1014 807 1117 870 etiam

110 904 280 990 utriusque
303 905 445 970 auctoris
463 911 652 989 congruant,
676 904 823 969 Curtium
839 905 938 992 Trogi
955 908 1114 974 historias

111 1007 202 1073 xisse
225 1006 399 1075 admodum
422 1007 566 1072 estuari
589 1007 705 1072 simile.

196 1195 229 1264 6.
252 1195 303 1262 De
317 1196 426 1263 Dareo
448 1219 467 1260 a
487 1196 554 1260 suis
572 1202 666 1282 capto
684 1201 717 1260 et
737 1195 909 1262 interfecto
931 1197 1098 1266 Diodorus
1119 1201 1131 1288 (

113 1303 162 1381 73,
175 1298 209 1386 2)
229 1307 262 1365 et
274 1299 430 1365 Arrianus
445 1299 521 1384 (III,
535 1299 589 1384 21)
606 1299 775 1365 breuiores
789 1308 873 1382 suut,
891 1324 986 1387 quam
1007 1326 1131 1390 quorun

116 1405 158 1468 sit
180 1403 340 1470 habenda.
385 1403 528 1468 Maxime
553 1424 625 1467 cum
649 1402 774 1466 Iustino
796 1402 856 1486 XI,
875 1409 957 1486 15,l
984 1428 1054 1492 sqq.
1080 1415 1131 1472 et¹

112 1507 154 1588 V,
181 1512 230 1589 12,
257 1512 295 1570 15
320 1514 380 1572 cet.
405 1507 567 1572 consentit
581 1505 775 1570 Plutarchus
800 1509 850 1571 43.
896 1508 962 1573 Sed
986 1495 1131 1576 contra}

112 1611 208 1675 chum
231 1633 359 1698 quoque
383 1611 416 1675 In
438 1612 488 1676 his
512 1611 609 1676 rebus
626 1616 807 1693 congruunt
822 1611 907 1674 iuter
930 1634 965 1677 se
989 1612 1121 1680 OurtIus

112 1736 247 1801 nusque.
781 1753 782 1758 κ
979 1734 982 1740 ·
1074 1764 1077 1772 ,

340 1799 420 1865 Iust.
926 1800 1016 1865 Curt.

116 1927 147 1986 1:
174 1920 281 1986 nareis
303 1920 486 2002 conpedibus
509 1922 648 1985 catenis·
703 1921 757 1982 20:
774 1921 1128 2003 carciscompedibasD

114 2048 175 2112 que
193 2026 227 2090 in
242 2025 315 2090 uico
332 2023 527 2089 Parthorum
543 2022 651 2089 Thara
702 2023 856 2088 cruciarat.
879 2024 973 2106 XIII,
992 2029 1024 2089 2:
1055 2026 1131 2092 Tab:

114 2129 263 2193 uincitur.
701 2127 862 2211 peruenit.

116 2235 149 2296 3:
177 2229 367 2295 Alexander
399 2252 526 2316 quoque
559 2231 651 2295 citato
703 2232 736 2292 5:
760 2229 859 2314 igitur
870 2224 987 2312 raptura
1002 2253 1122 2316 agmen

114 2341 355 2421 carsapostera
374 2334 426 2399 dle
444 2334 669 2421 superuenit;¹
702 2333 806 2418 magia
841 2354 937 2418 quam
974 2334 1101 2400 itineris

613 2496 616 2502 .
704 2436 811 2503 ducit.
873 2437 988 2521 Itaque
1002 2437 1032 2500 D
1047 2438 1131 2503 stedi

704 2541 811 2622 cessit,
833 2548 1090 2627 peruentumque
1117 2565 1131 2608 e

703 2643 822 2723 uicum,
839 2644 872 2707 in
885 2665 946 2730 quo
959 2643 1105 2709 Dareum
1118 2646 1131 2709 Ι

704 2747 984 2831 conprehenderat
997 2748 1031 2834 (i.
1043 2749 1131 2814 aTha

117 2853 160 2917 itt
191 2852 331 2934 cognouit
358 2848 502 2915 Dareum
541 2852 650 2914 clauso
705 2848 805 2943 'Isidi
826 2849 979 2915 Melon..
1004 2854 1129 2939 excipit

118 2955 271 3021 uehiculo
294 2977 353 3041 per
381 2962 508 3020 noctem
533 2976 650 3042 expor-
702 2951 755 3015 Ex
777 2952 839 3016 hoc
862 2960 934 3017 acta
957 2955 1117 3036 cognoscit.

116 3066 229 3125 tatum.
706 3058 761 3119 10:
785 3053 945 3138 plmlaagc
969 3106 997 3122 ..
1022 3059 1109 3137 sequi

118 3168 151 3227 4:
184 3162 276 3227 lasso
303 3161 403 3249 igitur
428 3161 564 3225 eaercr'ta
585 3161 657 3225 aab·
707 3161 743 3222 8:
768 3158 876 3243 itaque
894 3158 1016 3223 delectis
1037 3162 1131 3241 cqca'tr

118 3266 205 3349 sequi
222 3286 289 3331 cam
303 3285 358 3330 sea
372 3264 497 3329 milibus
519 3264 656 3345 equitum
706 3261 832 3325 milibus
848 3260 873 3325 O
887 3261 912 3325 Ο
926 3261 963 3344 C,
983 3284 1063 3348 quos
1079 3263 1131 3329 din

119 3370 298 3455 fugientem
320 3367 511 3458 insequitur.
707 3364 932 3452 appellabant,
955 3364 1113 3452 adiungit.

163 3461 164 3464 ¹
205 3472 329 3559 Corpus
345 3471 446 3536 Darei
460 3470 517 3535 ubi
532 3475 696 3556 repertum
713 3470 765 3550 ait,
788 3490 830 3533 ex
844 3467 1011 3533 Plutarchi
1025 3470 1131 3535 deseri

119 3599 184 3641 non
207 3585 257 3643 est
278 3578 501 3665 perspicuum:
524 3574 723 3640 Macedones
744 3574 858 3639 castris
884 3575 986 3661 captis
1009 3599 1131 3662 παρερχ

118 3675 195 3759 τοὺς
216 3675 366 3766 πρώτους
388 3674 531 3747 ἐδίωκον.
578 3678 699 3746 Contra

243 3800 323 3866 Iust.
346 3801 403 3880 XI,
430 3806 478 3884 15,
502 3806 532 3867 5.
824 3797 916 3864 Ourt.
935 3797 977 3878 V,
1003 3800 1051 3877 13,
1076 3800 1128 3862 23.

120 3943 203 3986 unus
233 3942 275 3986 ex
307 3922 481 4004 militibus,
511 3921 587 3987 dum
615 3921 658 3985 ad
708 3919 809 3984 Haud
834 3917 946 3998 procat
979 3921 1047 3981 erut
1074 3917 1131 4001 foa

116 4023 433 4110 fontemmortuum
455 4026 562 4113 pergit
710 4046 806 4111 quem
835 4026 1048 4087 monstratum
1081 4044 1099 4087 a
1128 4046 1131 4108 j

708 4129 911 4214 Polystratus
924 4125 1061 4190 Macedo
1075 4127 1130 4190 siti

708 4239 795 4300 ratus
818 4231 965 4296 accessit.
