2716 4746
566 333 780 401 ..33-

235 523 313 592 Iust.
328 522 389 606 XI,
409 526 458 606 10,
478 528 525 593 10.
843 527 933 597 Ourt.
947 526 1005 610 IV,
1023 529 1052 610 2,
1069 525 1098 593 λ.

81 706 83 708 ,
141 645 281 733 tyriorum
316 647 431 712 eiuites
464 668 537 712 eum
564 669 648 712 eoro-
703 648 1105 731 Corouumipt'turuureum
1118 646 1238 714 donum

138 769 191 815 οονι
208 773 339 816 aureum
360 752 470 836 magni
495 752 648 838 ponderis
700 752 795 834 lopati
818 752 876 838 (se.
899 752 1084 838 Tyriorum)
1109 753 1238 819 adfere-

132 872 174 931 οον
191 856 353 938 epotos.
369 855 538 922 misisset
540 858 650 937 ,prate
700 856 809 923 bant.
826 857 917 922 ‚Ille
940 856 1080 920 donat
1044 860 1080 920 ut
1102 856 1141 922 ab
1156 857 1237 921 umi-

136 977 235 1024 murere
256 963 377 1039 accepto
399 958 520 1041 Tyrum
548 977 579 1022 se
600 959 648 1022 ι’νο
698 959 742 1023 eis
768 959 867 1039 arripi
895 959 1020 1024 iussit.
1043 958 1236 1026 ..Herculi

136 1060 308 1128 udeeduot
294 1061 647 1127 teHereultreddenda
699 1112 726 1127 ..
742 1063 945 1128 seerrfioure
957 1063 1036 1127 uelle
1048 1082 1079 1127 se
1090 1062 1237 1130 doust

83 1153 88 1158 ’
137 1160 204 1227 dixit.
247 1164 326 1232 Cum
342 1166 446 1249 ,leym
471 1166 584 1230 rectius
612 1166 648 1229 td
696 1165 808 1248 Leyute'
835 1166 1020 1246 respondent
1052 1186 1125 1232 esse
1155 1171 1238 1231 tem-

138 1284 186 1329 οιοι
202 1269 281 1349 Tyro
302 1272 403 1358 uetere
418 1276 453 1333 et
468 1269 649 1354 antiquiore
700 1270 791 1355 plum
806 1269 961 1334 Herculis
982 1319 1012 1336 ..
1036 1270 1068 1334 in
1093 1289 1133 1334 eo
1148 1268 1238 1349 sedo,

81 1360 84 1364 ’
139 1371 232 1455 templo
249 1369 413 1455 facturum
434 1372 570 1436 decerent
591 1422 598 1436 .
616 1421 648 1436 ..
700 1394 797 1458 quam
815 1371 1007 1457 Palaetyron
1022 1374 1086 1460 ipsi
1101 1379 1237 1439 nocent:

83 1476 97 1483 “
699 1477 743 1541 idi
764 1497 863 1559 regem
879 1477 933 1541 deo
948 1496 1072 1543 suerum
1087 1477 1147 1542 rr'te
1163 1475 1238 1561 foc-

698 1583 804 1643 turum
827 1628 833 1642 .
857 1629 895 1644 ..

81 1669 95 1707 ³⁵³
142 1676 169 1743 ολ
184 1679 270 1746 Diod.
293 1681 411 1762 XVII,
435 1685 492 1763 40,
519 1686 552 1745 2:
583 1679 614 1748 οὶ
644 1681 680 1747 δὲ
705 1677 819 1769 Τύριοι
840 1680 1037 1768 βουλομένου
1063 1684 1123 1748 τοῦ
1143 1688 1239 1767 βασι·

141 1775 196 1860 δδως
209 1786 254 1871 τῷ
268 1778 487 1871 Ἡρακλεῖτῷ
509 1781 616 1872 Τυρίῳ
632 1787 738 1851 θῦσαι
760 1784 1020 1873 προπετέστερον
1041 1781 1240 1852 διεκώλυσαν

81 1874 89 1912 ³
142 1873 212 1950 utitor
236 1889 296 1976 τῆς
324 1884 371 1967 εἷς
397 1883 457 1976 τὴν
479 1883 578 1954 πόλιν
601 1884 737 1968 εἰςόόου,
762 1898 794 1954 et
817 1891 889 1955 Arr.
913 1891 963 1971 ΙΙ,
990 1893 1082 1970 16,”
1070 1910 1097 1955 r:
1125 1886 1238 1977 Turium

81 1978 85 2000 ³
140 1986 172 2069 τῷ
185 1974 332 2078 Ηρονλεῖ
352 2017 398 2079 τῳ
430 1988 575 2078 Tupr'pr'
562 1989 623 2080 ἔφη
651 1990 777 2059 setun
805 1994 909 2058 θυοοιι
929 1986 1214 2081 Ἀλέξανδρος...

140 2077 207 2171 δ’δοξέ
231 2117 376 2184 σφισι..
396 2092 497 2175 ..εἰς
527 2094 562 2161 δὲ
590 2091 649 2184 τὴν
676 2091 774 2162 πόλιν
795 2091 878 2184 μήτε
898 2092 971 2161 τινὰ
994 2099 1130 2185 Περσῶν
1157 2093 1240 2186 μήτε

139 2192 312 2265 Μακεδόνων
342 2195 506 2281 δέχεσθαι.
558 2199 640 2263 Οιιιιι
669 2200 787 2284 quibus
818 2200 1018 2266 Graecorum
1048 2202 1159 2267 uerbis
1183 2201 1240 2265 ubi

139 2303 355 2388 conparaueris
384 2303 466 2367 Iust'
444 2304 504 2367 oni
533 2309 565 2367 et
552 2300 696 2367 tOirrt''
661 2310 699 2366 tn
721 2303 840 2383 uerbo,
864 2324 1026 2369 consensu
1048 2303 1240 2370 Latinorum

138 2415 317 2472 communem
339 2406 462 2471 fontem
485 2406 639 2470 Latinum
662 2404 772 2470 doeeri
795 2427 923 2471 meeum
946 2407 1141 2473 consenties.

199 2595 228 2663 4.
253 2597 320 2662 Sed
342 2598 406 2661 elia
427 2596 629 2682 proferemus
653 2595 856 2660 testimonie:
893 2597 1040 2662 conferes
1070 2618 1124 2678 ee,
1156 2618 1239 2682 quse

134 2687 164 2756 δο
181 2699 395 2781 Alexandrea,
417 2700 562 2787 Aegypti
584 2699 676 2777 urbe,
701 2697 832 2763 conditu
854 2699 1044 2764 traduntur:
1074 2699 1155 2766 Iust.
1179 2700 1239 2777 XI,

135 2797 236 2882 ¹1,13.
282 2805 412 2886 VaII,
436 2809 468 2886 4,
493 2810 559 2869 ext.
586 2808 613 2867 1.
659 2802 747 2866 Curt.
770 2801 828 2884 IV,
853 2805 883 2868 8.
929 2803 1025 2868 Diod.
1048 2802 1164 2886 XVII,
1188 2807 1238 2866 52.

133 2849 506 2994 Sdso.xvss,1(pag
532 2911 618 2989 τοι).
662 2906 748 2972 Plus.
773 2908 825 2972 ro
870 2908 943 2971 Arr.
967 2905 1028 2987 111,
1057 2912 1083 2989 1,
1108 2912 1136 2972 5.

197 3013 341 3078 Iustinus
365 3011 495 3098 quidem
511 3010 706 3076 breuissime
729 3030 841 3094 regem
864 3011 905 3075 eb
921 3011 1091 3076 Ammonis
1109 3012 1239 3075 oreoulo

81 3126 83 3171 ι
130 3113 302 3182 redeuntem
325 3116 439 3181 urbem
463 3113 648 3180 condidisse
680 3119 712 3177 et
740 3118 838 3198 eaput
860 3115 1007 3200 Aegypti
1029 3115 1239 3180 constituisse

129 3221 288 3286 memoriae
311 3219 428 3306 prodit.

197 3325 251 3388 Ex
265 3323 399 3388 Valerio
427 3345 468 3386 eu
470 3328 536 3387 tem
566 3342 638 3385 eum
668 3320 779 3386 Curtio
811 3327 998 3408 eompureto
1026 3321 1175 3386 demonst
1162 3322 1240 3386 trari

125 3445 208 3511 posse
240 3449 410 3514 speremus
437 3427 524 3514 opud
546 3427 690 3512 Trogum
713 3447 842 3512 quoque
873 3427 1055 3492 ueeuratiue
1079 3425 1119 3491 de
1143 3449 1239 3503 eure

122 3540 218 3598 aetum
242 3554 326 3598 esse.

197 3637 250 3700 De
274 3640 436 3720 tempore,
470 3654 533 3718 quo
572 3633 702 3698 condite
732 3636 775 3700 sit
796 3633 1022 3717 Alexandrea,
1045 3634 1168 3721 duplex
1191 3643 1241 3702 est
1337 3723 1340 3728 Ι

118 3739 283 3806 memorie:
313 3736 471 3802 Arrianus
504 3742 548 3801 et.
564 3737 759 3803 Plutarchus
789 3738 979 3804 Alexandro
1009 3739 1049 3803 ed
1074 3741 1240 3804 oraculum

115 3845 357 3930 proficiscente,
385 3841 550 3906 Diodorus
575 3841 706 3907 Curtius
733 3842 878 3907 Iustinus
907 3842 1065 3908 redeunte
1093 3843 1133 3907 ab
1159 3844 1239 3908 Am-

114 3948 220 4014 monio
244 3949 307 4013 hoe
329 3947 451 4011 foetum
485 3967 559 4011 esse
590 3947 714 4011 uolunt.
771 3946 888 4011 Strabo
912 3953 946 4011 et
960 3947 1113 4012 Valerius
1137 3946 1177 4010 de
1201 3969 1241 4011 eu

111 4076 146 4120 re
168 4052 252 4118 nihil
274 4050 429 4116 referunt.

197 4155 282 4234 Vel,
306 4153 407 4232 Curt,
432 4150 550 4233 Strab,
573 4151 669 4230 Plut,
694 4151 767 4216 Arr.
784 4149 889 4237 (Arr.:
912 4149 1038 4236 λέγεται
1056 4149 1093 4215 δέ
1110 4176 1161 4229 τις
1182 4149 1239 4215 καὶ

109 4253 244 4324 τοιόσδε
266 4251 373 4340 λόγος)
398 4261 562 4319 ostentum
584 4255 711 4319 futurae
735 4255 824 4319 urbis
856 4254 1075 4339 magnitudini
1098 4254 1239 4318 laetissi-

1019 4356 1036 4410 3
